
:20:4244500
:25:RO19BRDE450SA43680194500
:28:00099/140
:60F:C210409RON23042,87
:62F:C210409RON23042,87

:20:4244500
:25:RO55BRDE450SV00674084500
:28:00099/131
:60F:C210409EUR38128,28
:62F:C210409EUR38128,28
:64:C210409EUR38128,28
:86:Credit neutilizat la 09/04/2021: 0,00 \
Sume blocate la 09/04/2021: 0,00

:20:4244500
:25:RO21BRDE450SV00844514500
:28:00099/129
:60F:C210409USD0,39
:61:2104090409C155571,44NLDPNC2104090517070007
X:TD18914204500
:86:000+20TransCr-Inc.Incd
+23X:TD18914204500
:61:2104090409D155571,83NLDPNC2104100032060014
TD19006994500:To 4244500; TD19006994500; 1N; 12/04/2021; 0.0900%; 3 zile; 15384500
:86:000+20Tr.Credit-Plata +31RO96BRDE450TD19006994500
+23TD19006994500:To 4244500; T+24D19006994500; 1N; 12/04/202
+251; 0.0900%; 3 zile; 1538450+260
:62F:D210409USD0,00
:64:C210409USD0,00
:86:Credit neutilizat la 09/04/2021: 0,00 \
Sume blocate la 09/04/2021: 0,00

:20:4244500
:25:RO74BRDE450SV00997684500
:28:00099/81
:60F:C210409RON1919663,11
:61:2104090409C132991,68NMSCFV2104090818380000
Pct col:01216015 Data col:08/04/2021 Denumire:SIBIU Transp:_ Referinta:cash incasari din vz
:86:000+20Inc. CC prin ABB+30303994212
+32Dna VOICU VIOLETA+33/
+23Pct col:01216015 Data col:0+248/04/2021 Denumire:SIBIU Tr
+25ansp:_ Referinta:cash incas+26ari din vz
:61:2104090409C65,00NMSCFV2104090819350000
Pct col:01216015 Data col:08/04/2021 Denumire:SIBIU Transp:_ Referinta:loto
:86:000+20Inc. CC prin ABB+30303994212
+32Dna VOICU VIOLETA+33/
+23Pct col:01216015 Data col:0+248/04/2021 Denumire:SIBIU Tr
+25ansp:_ Referinta:loto
:61:2104090409C28274,32NMSCFV2104090820050000
Pct col:01216015 Data col:08/04/2021 Denumire:SIBIU Transp:_ Referinta:paypoint
:86:000+20Inc. CC prin ABB+30303994212
+32Dna VOICU VIOLETA+33/
+23Pct col:01216015 Data col:0+248/04/2021 Denumire:SIBIU Tr
+25ansp:_ Referinta:paypoint
:61:2104090409C56431,00NMSCFV2104090822380000
Pct col:01216053 Data col:08/04/2021 Denumire:HYPER SF GHEORGHE CARREFOUR Transp:_ Referinta:cash incasari din vz
:86:000+20Inc. CC prin ABB+30303994212
+32Dra FERENCZ KINGA-BEATA+33/
+23Pct col:01216053 Data col:0+248/04/2021 Denumire:HYPER SF
+25 GHEORGHE CARREFOUR Transp:+26_ Referinta:cash incasari d
+27in vz
:61:2104080409C92033,04NTRFNC2104090844170039
CA00000000003:FR 6003
:86:000+20Incasari card   
+23CA00000000003:FR 6003
:61:2104080409D1565,01NCOMNC2104090844170039
SV00997684500:TO 6003
:86:000+20Comision        +31RO74BRDE450SV00997684500
+32CARREFOUR ROMANIA SA+33CUI/CNP11588780
+23SV00997684500:TO 6003
+61STR GARA HERASTRAU NR 4C BL+62 GREEN SC B ET 4-7 070000 B
:61:2104080409C248161,04NTRFNC2104090844190012
CA00000000008:FR 6005
:86:000+20Incasari card   
+23CA00000000008:FR 6005
:61:2104080409D4219,93NCOMNC2104090844190012
SV00997684500:TO 6005
:86:000+20Comision        +31RO74BRDE450SV00997684500
+32CARREFOUR ROMANIA SA+33CUI/CNP11588780
+23SV00997684500:TO 6005
+61STR GARA HERASTRAU NR 4C BL+62 GREEN SC B ET 4-7 070000 B
:61:2104080409C164510,19NTRFNC2104090844200025
CA00000002429:FR 6105
:86:000+20Incasari card   
+23CA00000002429:FR 6105
:61:2104080409D1590,42NCOMNC2104090844200025
SV00997684500:TO 6105
:86:000+20Comision        +31RO74BRDE450SV00997684500
+32CARREFOUR ROMANIA SA+33CUI/CNP11588780
+23SV00997684500:TO 6105
+61STR GARA HERASTRAU NR 4C BL+62 GREEN SC B ET 4-7 070000 B
:61:2104080409C116039,50NTRFNC2104090844220028
CA00000001298:FR 6110
:86:000+20Incasari card   
+23CA00000001298:FR 6110
:61:2104080409D880,23NCOMNC2104090844220028
SV00997684500:TO 6110
:86:000+20Comision        +31RO74BRDE450SV00997684500
+32CARREFOUR ROMANIA SA+33CUI/CNP11588780
+23SV00997684500:TO 6110
+61STR GARA HERASTRAU NR 4C BL+62 GREEN SC B ET 4-7 070000 B
:61:2104080409C293691,89NTRFNC2104090844240028
CA00000001959:FR 6111
:86:000+20Incasari card   
+23CA00000001959:FR 6111
:61:2104080409D2325,93NCOMNC2104090844240028
SV00997684500:TO 6111
:86:000+20Comision        +31RO74BRDE450SV00997684500
+32CARREFOUR ROMANIA SA+33CUI/CNP11588780
+23SV00997684500:TO 6111
+61STR GARA HERASTRAU NR 4C BL+62 GREEN SC B ET 4-7 070000 B
:61:2104080409C22802,80NTRFNC2104090844260035
CA00000000002:FR 6148
:86:000+20Incasari card   
+23CA00000000002:FR 6148
:61:2104080409D221,51NCOMNC2104090844260035
SV00997684500:TO 6148
:86:000+20Comision        +31RO74BRDE450SV00997684500
+32CARREFOUR ROMANIA SA+33CUI/CNP11588780
+23SV00997684500:TO 6148
+61STR GARA HERASTRAU NR 4C BL+62 GREEN SC B ET 4-7 070000 B
:61:2104080409C142452,35NTRFNC2104090844270047
CA00000001470:FR 6154
:86:000+20Incasari card   
+23CA00000001470:FR 6154
:61:2104080409D934,39NCOMNC2104090844270047
SV00997684500:TO 6154
:86:000+20Comision        +31RO74BRDE450SV00997684500
+32CARREFOUR ROMANIA SA+33CUI/CNP11588780
+23SV00997684500:TO 6154
+61STR GARA HERASTRAU NR 4C BL+62 GREEN SC B ET 4-7 070000 B
:61:2104080409C125942,80NTRFNC2104090844290035
CA00000001282:FR 6155
:86:000+20Incasari card   
+23CA00000001282:FR 6155
:61:2104080409D903,30NCOMNC2104090844290035
SV00997684500:TO 6155
:86:000+20Comision        +31RO74BRDE450SV00997684500
+32CARREFOUR ROMANIA SA+33CUI/CNP11588780
+23SV00997684500:TO 6155
+61STR GARA HERASTRAU NR 4C BL+62 GREEN SC B ET 4-7 070000 B
:61:2104080409C92252,00NTRFNC2104090844310038
CA00000000003:FR 6158
:86:000+20Incasari card   
+23CA00000000003:FR 6158
:61:2104080409D1557,31NCOMNC2104090844310038
SV00997684500:TO 6158
:86:000+20Comision        +31RO74BRDE450SV00997684500
+32CARREFOUR ROMANIA SA+33CUI/CNP11588780
+23SV00997684500:TO 6158
+61STR GARA HERASTRAU NR 4C BL+62 GREEN SC B ET 4-7 070000 B
:61:2104080409C82625,95NTRFNC2104090844330003
CA00000001004:FR 6164
:86:000+20Incasari card   
+23CA00000001004:FR 6164
:61:2104080409D595,81NCOMNC2104090844330003
SV00997684500:TO 6164
:86:000+20Comision        +31RO74BRDE450SV00997684500
+32CARREFOUR ROMANIA SA+33CUI/CNP11588780
+23SV00997684500:TO 6164
+61STR GARA HERASTRAU NR 4C BL+62 GREEN SC B ET 4-7 070000 B
:61:2104080409C406724,40NTRFNC2104090844340035
CA00000003344:FR 9109
:86:000+20Incasari card   
+23CA00000003344:FR 9109
:61:2104080409D3495,17NCOMNC2104090844340035
SV00997684500:TO 9109
:86:000+20Comision        +31RO74BRDE450SV00997684500
+32CARREFOUR ROMANIA SA+33CUI/CNP11588780
+23SV00997684500:TO 9109
+61STR GARA HERASTRAU NR 4C BL+62 GREEN SC B ET 4-7 070000 B
:61:2104080409C241889,21NTRFNC2104090844360033
CA00000002274:FR 9110
:86:000+20Incasari card   
+23CA00000002274:FR 9110
:61:2104080409D1922,98NCOMNC2104090844360033
SV00997684500:TO 9110
:86:000+20Comision        +31RO74BRDE450SV00997684500
+32CARREFOUR ROMANIA SA+33CUI/CNP11588780
+23SV00997684500:TO 9110
+61STR GARA HERASTRAU NR 4C BL+62 GREEN SC B ET 4-7 070000 B
:61:2104080409C401500,48NTRFNC2104090844380031
CA00000003727:FR 9112
:86:000+20Incasari card   
+23CA00000003727:FR 9112
:61:2104080409D3964,66NCOMNC2104090844380031
SV00997684500:TO 9112
:86:000+20Comision        +31RO74BRDE450SV00997684500
+32CARREFOUR ROMANIA SA+33CUI/CNP11588780
+23SV00997684500:TO 9112
+61STR GARA HERASTRAU NR 4C BL+62 GREEN SC B ET 4-7 070000 B
:61:2104080409C259915,55NTRFNC2104090844400027
CA00000002398:FR 9113
:86:000+20Incasari card   
+23CA00000002398:FR 9113
:61:2104080409D2308,85NCOMNC2104090844400027
SV00997684500:TO 9113
:86:000+20Comision        +31RO74BRDE450SV00997684500
+32CARREFOUR ROMANIA SA+33CUI/CNP11588780
+23SV00997684500:TO 9113
+61STR GARA HERASTRAU NR 4C BL+62 GREEN SC B ET 4-7 070000 B
:61:2104080409C147147,57NTRFNC2104090844420025
CA00000001779:FR 9137
:86:000+20Incasari card   
+23CA00000001779:FR 9137
:61:2104080409D1043,96NCOMNC2104090844420025
SV00997684500:TO 9137
:86:000+20Comision        +31RO74BRDE450SV00997684500
+32CARREFOUR ROMANIA SA+33CUI/CNP11588780
+23SV00997684500:TO 9137
+61STR GARA HERASTRAU NR 4C BL+62 GREEN SC B ET 4-7 070000 B
:61:2104080409C255900,67NTRFNC2104090844440011
CA00000002422:FR 9138
:86:000+20Incasari card   
+23CA00000002422:FR 9138
:61:2104080409D2610,29NCOMNC2104090844440011
SV00997684500:TO 9138
:86:000+20Comision        +31RO74BRDE450SV00997684500
+32CARREFOUR ROMANIA SA+33CUI/CNP11588780
+23SV00997684500:TO 9138
+61STR GARA HERASTRAU NR 4C BL+62 GREEN SC B ET 4-7 070000 B
:61:2104080409C274369,12NTRFNC2104090844460000
CA00000002718:FR 9139
:86:000+20Incasari card   
+23CA00000002718:FR 9139
:61:2104080409D2417,11NCOMNC2104090844460000
SV00997684500:TO 9139
:86:000+20Comision        +31RO74BRDE450SV00997684500
+32CARREFOUR ROMANIA SA+33CUI/CNP11588780
+23SV00997684500:TO 9139
+61STR GARA HERASTRAU NR 4C BL+62 GREEN SC B ET 4-7 070000 B
:61:2104080409C197370,15NTRFNC2104090844470027
CA00000001652:FR 9151
:86:000+20Incasari card   
+23CA00000001652:FR 9151
:61:2104080409D2033,94NCOMNC2104090844470027
SV00997684500:TO 9151
:86:000+20Comision        +31RO74BRDE450SV00997684500
+32CARREFOUR ROMANIA SA+33CUI/CNP11588780
+23SV00997684500:TO 9151
+61STR GARA HERASTRAU NR 4C BL+62 GREEN SC B ET 4-7 070000 B
:61:2104080409C600345,41NTRFNC2104090844490012
CA00000004913:FR 9152
:86:000+20Incasari card   
+23CA00000004913:FR 9152
:61:2104080409D5404,48NCOMNC2104090844490012
SV00997684500:TO 9152
:86:000+20Comision        +31RO74BRDE450SV00997684500
+32CARREFOUR ROMANIA SA+33CUI/CNP11588780
+23SV00997684500:TO 9152
+61STR GARA HERASTRAU NR 4C BL+62 GREEN SC B ET 4-7 070000 B
:61:2104080409C317566,39NTRFNC2104090844500043
CA00000002296:FR 9153
:86:000+20Incasari card   
+23CA00000002296:FR 9153
:61:2104080409D3130,39NCOMNC2104090844500043
SV00997684500:TO 9153
:86:000+20Comision        +31RO74BRDE450SV00997684500
+32CARREFOUR ROMANIA SA+33CUI/CNP11588780
+23SV00997684500:TO 9153
+61STR GARA HERASTRAU NR 4C BL+62 GREEN SC B ET 4-7 070000 B
:61:2104080409C604981,46NTRFNC2104090844520017
CA00000004364:FR 9155
:86:000+20Incasari card   
+23CA00000004364:FR 9155
:61:2104080409D4837,80NCOMNC2104090844520017
SV00997684500:TO 9155
:86:000+20Comision        +31RO74BRDE450SV00997684500
+32CARREFOUR ROMANIA SA+33CUI/CNP11588780
+23SV00997684500:TO 9155
+61STR GARA HERASTRAU NR 4C BL+62 GREEN SC B ET 4-7 070000 B
:61:2104080409C424176,72NTRFNC2104090844540009
CA00000003743:FR 9156
:86:000+20Incasari card   
+23CA00000003743:FR 9156
:61:2104080409D3232,55NCOMNC2104090844540009
SV00997684500:TO 9156
:86:000+20Comision        +31RO74BRDE450SV00997684500
+32CARREFOUR ROMANIA SA+33CUI/CNP11588780
+23SV00997684500:TO 9156
+61STR GARA HERASTRAU NR 4C BL+62 GREEN SC B ET 4-7 070000 B
:61:2104080409C271118,33NTRFNC2104090844550035
CA00000002230:FR 9157
:86:000+20Incasari card   
+23CA00000002230:FR 9157
:61:2104080409D2011,33NCOMNC2104090844550035
SV00997684500:TO 9157
:86:000+20Comision        +31RO74BRDE450SV00997684500
+32CARREFOUR ROMANIA SA+33CUI/CNP11588780
+23SV00997684500:TO 9157
+61STR GARA HERASTRAU NR 4C BL+62 GREEN SC B ET 4-7 070000 B
:61:2104080409D42,90NTRFNC2104090844570008
CA00000000001:TO 9157
:86:000+20Retur fonduri   
+23CA00000000001:TO 9157
:61:2104080409D0,21NCOMNC2104090844570008
SV00997684500:TO 9157
:86:000+20Comision        +31RO74BRDE450SV00997684500
+32CARREFOUR ROMANIA SA+33CUI/CNP11588780
+23SV00997684500:TO 9157
+61STR GARA HERASTRAU NR 4C BL+62 GREEN SC B ET 4-7 070000 B
:61:2104080409C403463,16NTRFNC2104090844570020
CA00000004085:FR 9158
:86:000+20Incasari card   
+23CA00000004085:FR 9158
:61:2104080409D3392,20NCOMNC2104090844570020
SV00997684500:TO 9158
:86:000+20Comision        +31RO74BRDE450SV00997684500
+32CARREFOUR ROMANIA SA+33CUI/CNP11588780
+23SV00997684500:TO 9158
+61STR GARA HERASTRAU NR 4C BL+62 GREEN SC B ET 4-7 070000 B
:61:2104080409C353176,77NTRFNC2104090844580032
CA00000002494:FR 9160
:86:000+20Incasari card   
+23CA00000002494:FR 9160
:61:2104080409D2744,52NCOMNC2104090844580032
SV00997684500:TO 9160
:86:000+20Comision        +31RO74BRDE450SV00997684500
+32CARREFOUR ROMANIA SA+33CUI/CNP11588780
+23SV00997684500:TO 9160
+61STR GARA HERASTRAU NR 4C BL+62 GREEN SC B ET 4-7 070000 B
:61:2104080409C348624,35NTRFNC2104090845000001
CA00000002923:FR 9161
:86:000+20Incasari card   
+23CA00000002923:FR 9161
:61:2104080409D3016,87NCOMNC2104090845000001
SV00997684500:TO 9161
:86:000+20Comision        +31RO74BRDE450SV00997684500
+32CARREFOUR ROMANIA SA+33CUI/CNP11588780
+23SV00997684500:TO 9161
+61STR GARA HERASTRAU NR 4C BL+62 GREEN SC B ET 4-7 070000 B
:61:2104080409C313474,01NTRFNC2104090845010004
CA00000002400:FR 9164
:86:000+20Incasari card   
+23CA00000002400:FR 9164
:61:2104080409D2643,90NCOMNC2104090845010004
SV00997684500:TO 9164
:86:000+20Comision        +31RO74BRDE450SV00997684500
+32CARREFOUR ROMANIA SA+33CUI/CNP11588780
+23SV00997684500:TO 9164
+61STR GARA HERASTRAU NR 4C BL+62 GREEN SC B ET 4-7 070000 B
:61:2104080409C209701,79NTRFNC2104090845020016
CA00000002230:FR 9166
:86:000+20Incasari card   
+23CA00000002230:FR 9166
:61:2104080409D2214,21NCOMNC2104090845020016
SV00997684500:TO 9166
:86:000+20Comision        +31RO74BRDE450SV00997684500
+32CARREFOUR ROMANIA SA+33CUI/CNP11588780
+23SV00997684500:TO 9166
+61STR GARA HERASTRAU NR 4C BL+62 GREEN SC B ET 4-7 070000 B
:61:2104080409C290920,83NTRFNC2104090845030006
CA00000002256:FR 9167
:86:000+20Incasari card   
+23CA00000002256:FR 9167
:61:2104080409D2375,48NCOMNC2104090845030006
SV00997684500:TO 9167
:86:000+20Comision        +31RO74BRDE450SV00997684500
+32CARREFOUR ROMANIA SA+33CUI/CNP11588780
+23SV00997684500:TO 9167
+61STR GARA HERASTRAU NR 4C BL+62 GREEN SC B ET 4-7 070000 B
:61:2104080409C147643,43NTRFNC2104090845050000
CA00000001217:FR 9168
:86:000+20Incasari card   
+23CA00000001217:FR 9168
:61:2104080409D1095,47NCOMNC2104090845050000
SV00997684500:TO 9168
:86:000+20Comision        +31RO74BRDE450SV00997684500
+32CARREFOUR ROMANIA SA+33CUI/CNP11588780
+23SV00997684500:TO 9168
+61STR GARA HERASTRAU NR 4C BL+62 GREEN SC B ET 4-7 070000 B
:61:2104080409C155577,06NTRFNC2104090845060003
CA00000001511:FR 9170
:86:000+20Incasari card   
+23CA00000001511:FR 9170
:61:2104080409D1224,92NCOMNC2104090845060003
SV00997684500:TO 9170
:86:000+20Comision        +31RO74BRDE450SV00997684500
+32CARREFOUR ROMANIA SA+33CUI/CNP11588780
+23SV00997684500:TO 9170
+61STR GARA HERASTRAU NR 4C BL+62 GREEN SC B ET 4-7 070000 B
:61:2104080409C168941,07NTRFNC2104090845070005
CA00000001096:FR 9171
:86:000+20Incasari card   
+23CA00000001096:FR 9171
:61:2104080409D1587,62NCOMNC2104090845070005
SV00997684500:TO 9171
:86:000+20Comision        +31RO74BRDE450SV00997684500
+32CARREFOUR ROMANIA SA+33CUI/CNP11588780
+23SV00997684500:TO 9171
+61STR GARA HERASTRAU NR 4C BL+62 GREEN SC B ET 4-7 070000 B
:61:2104080409C162626,57NTRFNC2104090845080003
CA00000001523:FR 9173
:86:000+20Incasari card   
+23CA00000001523:FR 9173
:61:2104080409D1245,81NCOMNC2104090845080003
SV00997684500:TO 9173
:86:000+20Comision        +31RO74BRDE450SV00997684500
+32CARREFOUR ROMANIA SA+33CUI/CNP11588780
+23SV00997684500:TO 9173
+61STR GARA HERASTRAU NR 4C BL+62 GREEN SC B ET 4-7 070000 B
:61:2104080409C170919,53NTRFNC2104090845080034
CA00000001538:FR 9178
:86:000+20Incasari card   
+23CA00000001538:FR 9178
:61:2104080409D1203,60NCOMNC2104090845080034
SV00997684500:TO 9178
:86:000+20Comision        +31RO74BRDE450SV00997684500
+32CARREFOUR ROMANIA SA+33CUI/CNP11588780
+23SV00997684500:TO 9178
+61STR GARA HERASTRAU NR 4C BL+62 GREEN SC B ET 4-7 070000 B
:61:2104080409C345091,03NTRFNC2104090845090027
CA00000002563:FR 9180
:86:000+20Incasari card   
+23CA00000002563:FR 9180
:61:2104080409D2967,90NCOMNC2104090845090027
SV00997684500:TO 9180
:86:000+20Comision        +31RO74BRDE450SV00997684500
+32CARREFOUR ROMANIA SA+33CUI/CNP11588780
+23SV00997684500:TO 9180
+61STR GARA HERASTRAU NR 4C BL+62 GREEN SC B ET 4-7 070000 B
:61:2104080409C122948,95NTRFNC2104090845100021
CA00000001202:FR 9181
:86:000+20Incasari card   
+23CA00000001202:FR 9181
:61:2104080409D906,59NCOMNC2104090845100021
SV00997684500:TO 9181
:86:000+20Comision        +31RO74BRDE450SV00997684500
+32CARREFOUR ROMANIA SA+33CUI/CNP11588780
+23SV00997684500:TO 9181
+61STR GARA HERASTRAU NR 4C BL+62 GREEN SC B ET 4-7 070000 B
:61:2104080409C149269,12NTRFNC2104090845110016
CA00000001708:FR 9184
:86:000+20Incasari card   
+23CA00000001708:FR 9184
:61:2104080409D1094,83NCOMNC2104090845110016
SV00997684500:TO 9184
:86:000+20Comision        +31RO74BRDE450SV00997684500
+32CARREFOUR ROMANIA SA+33CUI/CNP11588780
+23SV00997684500:TO 9184
+61STR GARA HERASTRAU NR 4C BL+62 GREEN SC B ET 4-7 070000 B
:61:2104080409C94364,75NTRFNC2104090845120007
CA00000001268:FR 9185
:86:000+20Incasari card   
+23CA00000001268:FR 9185
:61:2104080409D653,57NCOMNC2104090845120007
SV00997684500:TO 9185
:86:000+20Comision        +31RO74BRDE450SV00997684500
+32CARREFOUR ROMANIA SA+33CUI/CNP11588780
+23SV00997684500:TO 9185
+61STR GARA HERASTRAU NR 4C BL+62 GREEN SC B ET 4-7 070000 B
:61:2104080409C176977,54NTRFNC2104090845120035
CA00000001697:FR 9187
:86:000+20Incasari card   
+23CA00000001697:FR 9187
:61:2104080409D1239,57NCOMNC2104090845120035
SV00997684500:TO 9187
:86:000+20Comision        +31RO74BRDE450SV00997684500
+32CARREFOUR ROMANIA SA+33CUI/CNP11588780
+23SV00997684500:TO 9187
+61STR GARA HERASTRAU NR 4C BL+62 GREEN SC B ET 4-7 070000 B
:61:2104080409C143803,26NTRFNC2104090845130024
CA00000001406:FR 9188
:86:000+20Incasari card   
+23CA00000001406:FR 9188
:61:2104080409D984,81NCOMNC2104090845130024
SV00997684500:TO 9188
:86:000+20Comision        +31RO74BRDE450SV00997684500
+32CARREFOUR ROMANIA SA+33CUI/CNP11588780
+23SV00997684500:TO 9188
+61STR GARA HERASTRAU NR 4C BL+62 GREEN SC B ET 4-7 070000 B
:61:2104080409C193139,07NTRFNC2104090845140007
CA00000001766:FR 9189
:86:000+20Incasari card   
+23CA00000001766:FR 9189
:61:2104080409D1335,45NCOMNC2104090845140007
SV00997684500:TO 9189
:86:000+20Comision        +31RO74BRDE450SV00997684500
+32CARREFOUR ROMANIA SA+33CUI/CNP11588780
+23SV00997684500:TO 9189
+61STR GARA HERASTRAU NR 4C BL+62 GREEN SC B ET 4-7 070000 B
:61:2104080409C142839,05NTRFNC2104090845140033
CA00000001588:FR 9191
:86:000+20Incasari card   
+23CA00000001588:FR 9191
:61:2104080409D1083,49NCOMNC2104090845140033
SV00997684500:TO 9191
:86:000+20Comision        +31RO74BRDE450SV00997684500
+32CARREFOUR ROMANIA SA+33CUI/CNP11588780
+23SV00997684500:TO 9191
+61STR GARA HERASTRAU NR 4C BL+62 GREEN SC B ET 4-7 070000 B
:61:2104080409C415556,86NTRFNC2104090845150018
CA00000003165:FR 9193
:86:000+20Incasari card   
+23CA00000003165:FR 9193
:61:2104080409D4217,99NCOMNC2104090845150018
SV00997684500:TO 9193
:86:000+20Comision        +31RO74BRDE450SV00997684500
+32CARREFOUR ROMANIA SA+33CUI/CNP11588780
+23SV00997684500:TO 9193
+61STR GARA HERASTRAU NR 4C BL+62 GREEN SC B ET 4-7 070000 B
:61:2104080409C135704,21NTRFNC2104090845160010
CA00000001841:FR 9194
:86:000+20Incasari card   
+23CA00000001841:FR 9194
:61:2104080409D1161,45NCOMNC2104090845160010
SV00997684500:TO 9194
:86:000+20Comision        +31RO74BRDE450SV00997684500
+32CARREFOUR ROMANIA SA+33CUI/CNP11588780
+23SV00997684500:TO 9194
+61STR GARA HERASTRAU NR 4C BL+62 GREEN SC B ET 4-7 070000 B
:61:2104080409C185096,86NTRFNC2104090845160028
CA00000001905:FR 9197
:86:000+20Incasari card   
+23CA00000001905:FR 9197
:61:2104080409D1335,78NCOMNC2104090845160028
SV00997684500:TO 9197
:86:000+20Comision        +31RO74BRDE450SV00997684500
+32CARREFOUR ROMANIA SA+33CUI/CNP11588780
+23SV00997684500:TO 9197
+61STR GARA HERASTRAU NR 4C BL+62 GREEN SC B ET 4-7 070000 B
:61:2104090409C12375,80NMSCFV2104090849400000
Pct col:01216019 Data col:08/04/2021 Denumire:CARREFOUR TG.JIU Transp:_ Referinta:cash collect alim
:86:000+20Inc. CC prin ABB+30303994225
+32Dna COMANESCU DANIELA+33/
+23Pct col:01216019 Data col:0+248/04/2021 Denumire:CARREFOU
+25R TG.JIU Transp:_ Referinta+26:cash collect alim
:61:2104090409C179461,00NMSCFV2104090850150000
Pct col:01216019 Data col:08/04/2021 Denumire:CARREFOUR TG.JIU Transp:_ Referinta:cash collect alim
:86:000+20Inc. CC prin ABB+30303994225
+32Dna COMANESCU DANIELA+33/
+23Pct col:01216019 Data col:0+248/04/2021 Denumire:CARREFOU
+25R TG.JIU Transp:_ Referinta+26:cash collect alim
:61:2104090409C233,00NMSCFV2104090850440000
Pct col:01216019 Data col:08/04/2021 Denumire:CARREFOUR TG.JIU Transp:_ Referinta:cash collect alim
:86:000+20Inc. CC prin ABB+30303994225
+32Dna COMANESCU DANIELA+33/
+23Pct col:01216019 Data col:0+248/04/2021 Denumire:CARREFOU
+25R TG.JIU Transp:_ Referinta+26:cash collect alim
:61:2104090409C175717,00NMSCFV2104090851200000
Pct col:01216013 Data col:08/04/2021 Denumire:DROBETA Transp:_ Referinta:cash collect alim
:86:000+20Inc. CC prin ABB+30303994225
+32Dra BEICA IOANA RALUCA+33/
+23Pct col:01216013 Data col:0+248/04/2021 Denumire:DROBETA 
+25Transp:_ Referinta:cash col+26lect alim
:61:2104090409C10173,55NMSCFV2104090927460000
Pct col:01216002 Data col:09/04/2021 Denumire:BRAILA Transp:_ Referinta:incas PAY POINT
:86:000+20Inc. CC prin ABB+30303994233
+32Dna DRAGHICI CRISTINA+33/
+23Pct col:01216002 Data col:0+249/04/2021 Denumire:BRAILA T
+25ransp:_ Referinta:incas PAY+26 POINT
:61:2104090409C653,50NMSCFV2104090930280015
Pct col:01216002 Data col:09/04/2021 Denumire:BRAILA Transp:_ Referinta:INCASARI LOTO
:86:000+20Inc. CC prin ABB+30303994233
+32Dna DRAGHICI CRISTINA+33/
+23Pct col:01216002 Data col:0+249/04/2021 Denumire:BRAILA T
+25ransp:_ Referinta:INCASARI +26LOTO
:61:2104090409C204471,00NMSCFV2104090931410000
Pct col:01216002 Data col:09/04/2021 Denumire:BRAILA Transp:_ Referinta:INC VANZ MAGAZIN
:86:000+20Inc. CC prin ABB+30303994233
+32Dna DRAGHICI CRISTINA+33/
+23Pct col:01216002 Data col:0+249/04/2021 Denumire:BRAILA T
+25ransp:_ Referinta:INC VANZ +26MAGAZIN
:61:2104090409C178867,56NMSCFV2104090944430002
Pct col:01216023 Data col:08/04/2021 Denumire:CARREFOUR PIATRA NEAMT Transp:Cashnet Referinta:cash collect alim
:86:000+20Inc. CC prin ABB+30303994217
+32Dna PRUTEANU OANA NICOLETA+33/
+23Pct col:01216023 Data col:0+248/04/2021 Denumire:CARREFOU
+25R PIATRA NEAMT Transp:Cashn+26et Referinta:cash collect a
+27lim
:61:2104090409C116661,89NMSCFV2104090958550000
Pct col:01216022 Data col:08/04/2021 Denumire:OBOR CARREFOUR Transp:_ Referinta:cash collect alim
:86:000+20Inc. CC prin ABB+30303994211
+32Dna STOICA NATALIA CRISTINA+33/
+23Pct col:01216022 Data col:0+248/04/2021 Denumire:OBOR CAR
+25REFOUR Transp:_ Referinta:c+26ash collect alim
:61:2104090409C109,50NMSCFV2104090959240001
Pct col:01216022 Data col:08/04/2021 Denumire:OBOR CARREFOUR Transp:_ Referinta:loto collect alim
:86:000+20Inc. CC prin ABB+30303994211
+32Dna STOICA NATALIA CRISTINA+33/
+23Pct col:01216022 Data col:0+248/04/2021 Denumire:OBOR CAR
+25REFOUR Transp:_ Referinta:l+26oto collect alim
:61:2104090409C23278,42NMSCFV2104091001110017
Pct col:01216022 Data col:08/04/2021 Denumire:OBOR CARREFOUR Transp:_ Referinta:pay collect alim
:86:000+20Inc. CC prin ABB+30303994211
+32Dna STOICA NATALIA CRISTINA+33/
+23Pct col:01216022 Data col:0+248/04/2021 Denumire:OBOR CAR
+25REFOUR Transp:_ Referinta:p+26ay collect alim
:61:2104090409C4418,19NMSCFV2104091002400001
Pct col:01216022 Data col:08/04/2021 Denumire:OBOR CARREFOUR Transp:_ Referinta:money llect alim
:86:000+20Inc. CC prin ABB+30303994211
+32Dna STOICA NATALIA CRISTINA+33/
+23Pct col:01216022 Data col:0+248/04/2021 Denumire:OBOR CAR
+25REFOUR Transp:_ Referinta:m+26oney llect alim
:61:2104090409C126609,00NMSCFV2104091003510002
Pct col:01216021 Data col:08/04/2021 Denumire:CARREFOUR PARK LAKE Transp:_ Referinta:cash collect alim
:86:000+20Inc. CC prin ABB+30303994211
+32BUCUR TEPES IOANA+33/
+23Pct col:01216021 Data col:0+248/04/2021 Denumire:CARREFOU
+25R PARK LAKE Transp:_ Referi+26nta:cash collect alim
:61:2104090409C404158,00NTRFOMTTZ04667550002
C V FACT 113037 05 03 2021 /RFB/351
:86:000+20TransCr-IncInter+31RO75TREZ0465070XXX013414
+32RATEN ICN PITESTI+33CUI/CNP32307705
+23C V FACT 113037 05 03 2021 +24/RFB/351
+61. .
:61:2104090409C124231,99NMSCFV2104091004150000
Pct col:01216008 Data col:09/04/2021 Denumire:MILITARI CHIAJNA Transp:_ Referinta:cash collect alim
:86:000+20Inc. CC prin ABB+30303994221
+32Dl RADUCANU IONUT+33/
+23Pct col:01216008 Data col:0+249/04/2021 Denumire:MILITARI
+25 CHIAJNA Transp:_ Referinta+26:cash collect alim
:61:2104090409C185675,00NMSCFV2104091004240004
Pct col:01216003 Data col:08/04/2021 Denumire:BANEASA FEERIA Transp:_ Referinta:cash collect alim
:86:000+20Inc. CC prin ABB+30303994211
+32BUCUR TEPES IOANA+33/
+23Pct col:01216003 Data col:0+248/04/2021 Denumire:BANEASA 
+25FEERIA Transp:_ Referinta:c+26ash collect alim
:61:2104090409C207,00NMSCFV2104091004390001
Pct col:01216008 Data col:09/04/2021 Denumire:MILITARI CHIAJNA Transp:_ Referinta:loto
:86:000+20Inc. CC prin ABB+30303994221
+32Dl RADUCANU IONUT+33/
+23Pct col:01216008 Data col:0+249/04/2021 Denumire:MILITARI
+25 CHIAJNA Transp:_ Referinta+26:loto
:61:2104090409C7209,22NMSCFV2104091005020000
Pct col:01216008 Data col:09/04/2021 Denumire:MILITARI CHIAJNA Transp:_ Referinta:pay point
:86:000+20Inc. CC prin ABB+30303994221
+32Dl RADUCANU IONUT+33/
+23Pct col:01216008 Data col:0+249/04/2021 Denumire:MILITARI
+25 CHIAJNA Transp:_ Referinta+26:pay point
:61:2104090409C16085,77NMSCFV2104091027530023
Pct col:01216012 Data col:09/04/2021 Denumire:SUCEAVA Transp:Cashnet Referinta:inc pay point suceav
:86:000+20Inc. CC prin ABB+30303341008
+32Dna APALAGHIE MARICICA+33/
+23Pct col:01216012 Data col:0+249/04/2021 Denumire:SUCEAVA 
+25Transp:Cashnet Referinta:in+26c pay point suceav
:61:2104090409C109,00NMSCFV2104091029050011
Pct col:01216012 Data col:09/04/2021 Denumire:SUCEAVA Transp:Cashnet Referinta:inc loto suceava
:86:000+20Inc. CC prin ABB+30303341008
+32Dna APALAGHIE MARICICA+33/
+23Pct col:01216012 Data col:0+249/04/2021 Denumire:SUCEAVA 
+25Transp:Cashnet Referinta:in+26c loto suceava
:61:2104090409C1500,00NMSCFV2104091030060000
Pct col:01216012 Data col:09/04/2021 Denumire:SUCEAVA Transp:Cashnet Referinta:cv moneda suceava
:86:000+20Inc. CC prin ABB+30303341008
+32Dna APALAGHIE MARICICA+33/
+23Pct col:01216012 Data col:0+249/04/2021 Denumire:SUCEAVA 
+25Transp:Cashnet Referinta:cv+26 moneda suceava
:61:2104090409C285300,00NMSCFV2104091031140000
Pct col:01216012 Data col:09/04/2021 Denumire:SUCEAVA Transp:Cashnet Referinta:inc cash suceava
:86:000+20Inc. CC prin ABB+30303341008
+32Dna APALAGHIE MARICICA+33/
+23Pct col:01216012 Data col:0+249/04/2021 Denumire:SUCEAVA 
+25Transp:Cashnet Referinta:in+26c cash suceava
:61:2104090409D1790,00NMSCRN2104091111300062
plata pct col 01216003
:86:000+20Retrageri numer.+30303994211
+32Dl GULIAN ALIN-FLORIN+33/
+23plata pct col 01216003
:61:2104090409D3,58NCOMRN2104091111300062
2H-Comision
:86:000+20Comision        
+232H-Comision
:61:2104090409D2300,00NMSCRN2104091113190040
plata pct col 01216006
:86:000+20Retrageri numer.+30303994211
+32Dna DOBRE GEORGETA-ALINA+33/
+23plata pct col 01216006
:61:2104090409D4,60NCOMRN2104091113190040
2H-Comision
:86:000+20Comision        
+232H-Comision
:61:2104090409C1000,00NTRFOPH5140050721
/ROC/9188003705/RFB/NOTPROVIDED
:86:000+20TransCr-IncInter+31RO85UGBI0000652002487RON
+32SEVERIN SHOPPING CENTER SRL+33/
+23/ROC/9188003705/RFB/NOTPROV+24IDED
:61:2104090409C418,00NTRFOPTTZ216134955246
/ROC/drepturi cfm OUG147 din 2020 plata luna noiembrie 2020/RFB/7868
:86:000+20TransCr-IncInter+31RO73TREZ29A640100594200X
+32A J O F M  Cluj Napoca+33CUI/CNP11372395
+23/ROC/drepturi cfm OUG147 di+24n 2020 plata luna noiembrie
+25 2020/RFB/7868
+61Strada GEORGE COSBUC Nr 2 C+62LUJ NAPOCA CL
:61:2104090409C6479,37NTRFOPHPA9210409615119
/ROC/INV/500003460 9.3.2021//RFB/2000000531/2000000531
:86:000+20TransCr-IncInter+31RO59INGB5001008225008910
+32INTERNATIONAL FOOD CONTAINER+33CUI/CNP38341935
+23/ROC/INV/500003460 9.3.2021+24//RFB/2000000531/2000000531
:61:2104090409C153,00NTRFOPHE6S70773
/ROC/cval deviz9900280102399-Carref //RFB/000000000/20210408/20210408 our Botosani
:86:000+20TransCr-IncInter+31RO24FTSB6448000008001RON
+32CARDIF ASSURANCE RISQUES DIVER+33CUI/CNP24617128
+23/ROC/cval deviz990028010239+249-Carref //RFB/000000000/20
+25210408/20210408 our Botosan+26i
:61:2104090409C4411,00NTRFOPTTZ406102729986
/ROC/Indemniz acord parintilor pt suprav copii pe LN 1 2021 OUG 147 2020/RFB/518
:86:000+20TransCr-IncInter+31RO73TREZ29A640100594200X
+32AJOFM IASI+33CUI/CNP11390065
+23/ROC/Indemniz acord parinti+24lor pt suprav copii pe LN 1
+25 2021 OUG 147 2020/RFB/518
+61STRADA CUCU NR1
:61:2104090409D1250,00NMSCRN2104091124270000
plata pct col 01216001
:86:000+20Retrageri numer.+30303994211
+32Dna DUMITRU GEORGIANA+33/
+23plata pct col 01216001
:61:2104090409D2,50NCOMRN2104091124270000
2H-Comision
:86:000+20Comision        
+232H-Comision
:61:2104090409C20234,96NTRFOPH833
F 21001872/31-03-21
:86:000+20TransCr-IncIntra+30303415714+31RO58BRDE426SV41941064410
+32UNITED PETFOOD ROMANIA SRL+33CUI/CNP11304153
+23F 21001872/31-03-21
+61CAL VITAN NR 240A BL - SC -+62 ET - AP - 031303 BUCURESTI
:61:2104090409C5699,69NTRFOPH91236955
SV05601414500:FR VD1100006497
:86:000+20incasare card Carrefour BRDF+30303411033+31RO20BRDE450SV05601414500
+32BRD FINANCE IFN SA+33CUI/CNP16334236
+23SV05601414500:FR VD11000064+2497
+61BLD ION MIHALACHE NR 1-7 BL+62 TURN B ET 15 AP C241 01117
:61:2104090409C2671,65NTRFOPH91236956
SV05601414500:FR VD1100006503
:86:000+20incasare card Carrefour BRDF+30303411033+31RO20BRDE450SV05601414500
+32BRD FINANCE IFN SA+33CUI/CNP16334236
+23SV05601414500:FR VD11000065+2403
+61BLD ION MIHALACHE NR 1-7 BL+62 TURN B ET 15 AP C241 01117
:61:2104090409C1136,40NTRFOPH91236957
SV05601414500:FR VD1100125714
:86:000+20incasare card Carrefour BRDF+30303411033+31RO20BRDE450SV05601414500
+32BRD FINANCE IFN SA+33CUI/CNP16334236
+23SV05601414500:FR VD11001257+2414
+61BLD ION MIHALACHE NR 1-7 BL+62 TURN B ET 15 AP C241 01117
:61:2104090409C10195,31NTRFOPH91236961
SV05601414500:FR VD1100930755
:86:000+20incasare card Carrefour BRDF+30303411033+31RO20BRDE450SV05601414500
+32BRD FINANCE IFN SA+33CUI/CNP16334236
+23SV05601414500:FR VD11009307+2455
+61BLD ION MIHALACHE NR 1-7 BL+62 TURN B ET 15 AP C241 01117
:61:2104090409C3226,37NTRFOPH91236962
SV05601414500:FR VD1102643795
:86:000+20incasare card Carrefour BRDF+30303411033+31RO20BRDE450SV05601414500
+32BRD FINANCE IFN SA+33CUI/CNP16334236
+23SV05601414500:FR VD11026437+2495
+61BLD ION MIHALACHE NR 1-7 BL+62 TURN B ET 15 AP C241 01117
:61:2104090409C1147,37NTRFOPH91236963
SV05601414500:FR VD1104186044
:86:000+20incasare card Carrefour BRDF+30303411033+31RO20BRDE450SV05601414500
+32BRD FINANCE IFN SA+33CUI/CNP16334236
+23SV05601414500:FR VD11041860+2444
+61BLD ION MIHALACHE NR 1-7 BL+62 TURN B ET 15 AP C241 01117
:61:2104090409C2617,00NTRFOPH91236964
SV05601414500:FR VD1105488180
:86:000+20incasare card Carrefour BRDF+30303411033+31RO20BRDE450SV05601414500
+32BRD FINANCE IFN SA+33CUI/CNP16334236
+23SV05601414500:FR VD11054881+2480
+61BLD ION MIHALACHE NR 1-7 BL+62 TURN B ET 15 AP C241 01117
:61:2104090409C1154,66NTRFOPH91236966
SV05601414500:FR VD1107639004
:86:000+20incasare card Carrefour BRDF+30303411033+31RO20BRDE450SV05601414500
+32BRD FINANCE IFN SA+33CUI/CNP16334236
+23SV05601414500:FR VD11076390+2404
+61BLD ION MIHALACHE NR 1-7 BL+62 TURN B ET 15 AP C241 01117
:61:2104090409C7885,58NTRFOPH91236967
SV05601414500:FR VD1108874417
:86:000+20incasare card Carrefour BRDF+30303411033+31RO20BRDE450SV05601414500
+32BRD FINANCE IFN SA+33CUI/CNP16334236
+23SV05601414500:FR VD11088744+2417
+61BLD ION MIHALACHE NR 1-7 BL+62 TURN B ET 15 AP C241 01117
:61:2104090409C397,75NTRFOPH91236968
SV05601414500:FR VD1108877030
:86:000+20incasare card Carrefour BRDF+30303411033+31RO20BRDE450SV05601414500
+32BRD FINANCE IFN SA+33CUI/CNP16334236
+23SV05601414500:FR VD11088770+2430
+61BLD ION MIHALACHE NR 1-7 BL+62 TURN B ET 15 AP C241 01117
:61:2104090409C2603,14NTRFOPH91236973
SV05601414500:FR VD1180542114
:86:000+20incasare card Carrefour BRDF+30303411033+31RO20BRDE450SV05601414500
+32BRD FINANCE IFN SA+33CUI/CNP16334236
+23SV05601414500:FR VD11805421+2414
+61BLD ION MIHALACHE NR 1-7 BL+62 TURN B ET 15 AP C241 01117
:61:2104090409C3610,97NTRFOPH91236974
SV05601414500:FR VD1182316604
:86:000+20incasare card Carrefour BRDF+30303411033+31RO20BRDE450SV05601414500
+32BRD FINANCE IFN SA+33CUI/CNP16334236
+23SV05601414500:FR VD11823166+2404
+61BLD ION MIHALACHE NR 1-7 BL+62 TURN B ET 15 AP C241 01117
:61:2104090409C4768,44NTRFOPH91236976
SV05601414500:FR VD1183125514
:86:000+20incasare card Carrefour BRDF+30303411033+31RO20BRDE450SV05601414500
+32BRD FINANCE IFN SA+33CUI/CNP16334236
+23SV05601414500:FR VD11831255+2414
+61BLD ION MIHALACHE NR 1-7 BL+62 TURN B ET 15 AP C241 01117
:61:2104090409C4256,06NTRFOPH91236978
SV05601414500:FR VD1183910871
:86:000+20incasare card Carrefour BRDF+30303411033+31RO20BRDE450SV05601414500
+32BRD FINANCE IFN SA+33CUI/CNP16334236
+23SV05601414500:FR VD11839108+2471
+61BLD ION MIHALACHE NR 1-7 BL+62 TURN B ET 15 AP C241 01117
:61:2104090409C4488,20NTRFOPH91236979
SV05601414500:FR VD1183910899
:86:000+20incasare card Carrefour BRDF+30303411033+31RO20BRDE450SV05601414500
+32BRD FINANCE IFN SA+33CUI/CNP16334236
+23SV05601414500:FR VD11839108+2499
+61BLD ION MIHALACHE NR 1-7 BL+62 TURN B ET 15 AP C241 01117
:61:2104090409C1123,20NTRFOPH91236980
SV05601414500:FR VD1183953030
:86:000+20incasare card Carrefour BRDF+30303411033+31RO20BRDE450SV05601414500
+32BRD FINANCE IFN SA+33CUI/CNP16334236
+23SV05601414500:FR VD11839530+2430
+61BLD ION MIHALACHE NR 1-7 BL+62 TURN B ET 15 AP C241 01117
:61:2104090409C3773,63NTRFOPH91236981
SV05601414500:FR VD1183953094
:86:000+20incasare card Carrefour BRDF+30303411033+31RO20BRDE450SV05601414500
+32BRD FINANCE IFN SA+33CUI/CNP16334236
+23SV05601414500:FR VD11839530+2494
+61BLD ION MIHALACHE NR 1-7 BL+62 TURN B ET 15 AP C241 01117
:61:2104090409C963,46NTRFOPH91236982
SV05601414500:FR VD1184095581
:86:000+20incasare card Carrefour BRDF+30303411033+31RO20BRDE450SV05601414500
+32BRD FINANCE IFN SA+33CUI/CNP16334236
+23SV05601414500:FR VD11840955+2481
+61BLD ION MIHALACHE NR 1-7 BL+62 TURN B ET 15 AP C241 01117
:61:2104090409C199,92NTRFOPH91236983
SV05601414500:FR VD1184095607
:86:000+20incasare card Carrefour BRDF+30303411033+31RO20BRDE450SV05601414500
+32BRD FINANCE IFN SA+33CUI/CNP16334236
+23SV05601414500:FR VD11840956+2407
+61BLD ION MIHALACHE NR 1-7 BL+62 TURN B ET 15 AP C241 01117
:61:2104090409C6177,44NTRFOPH91236990
SV05601414500:FR VD1184450241
:86:000+20incasare card Carrefour BRDF+30303411033+31RO20BRDE450SV05601414500
+32BRD FINANCE IFN SA+33CUI/CNP16334236
+23SV05601414500:FR VD11844502+2441
+61BLD ION MIHALACHE NR 1-7 BL+62 TURN B ET 15 AP C241 01117
:61:2104090409C3517,78NTRFOPH91236996
SV05601414500:FR VD1184729479
:86:000+20incasare card Carrefour BRDF+30303411033+31RO20BRDE450SV05601414500
+32BRD FINANCE IFN SA+33CUI/CNP16334236
+23SV05601414500:FR VD11847294+2479
+61BLD ION MIHALACHE NR 1-7 BL+62 TURN B ET 15 AP C241 01117
:61:2104090409C3957,02NTRFOPH91236997
SV05601414500:FR VD1184743569
:86:000+20incasare card Carrefour BRDF+30303411033+31RO20BRDE450SV05601414500
+32BRD FINANCE IFN SA+33CUI/CNP16334236
+23SV05601414500:FR VD11847435+2469
+61BLD ION MIHALACHE NR 1-7 BL+62 TURN B ET 15 AP C241 01117
:61:2104090409C1162,38NTRFOPH91237023
SV05601414500:FR VD1184813760
:86:000+20incasare card Carrefour BRDF+30303411033+31RO20BRDE450SV05601414500
+32BRD FINANCE IFN SA+33CUI/CNP16334236
+23SV05601414500:FR VD11848137+2460
+61BLD ION MIHALACHE NR 1-7 BL+62 TURN B ET 15 AP C241 01117
:61:2104090409C2276,72NTRFOPH91237026
SV05601414500:FR VD1184816142
:86:000+20incasare card Carrefour BRDF+30303411033+31RO20BRDE450SV05601414500
+32BRD FINANCE IFN SA+33CUI/CNP16334236
+23SV05601414500:FR VD11848161+2442
+61BLD ION MIHALACHE NR 1-7 BL+62 TURN B ET 15 AP C241 01117
:61:2104090409C8593,14NTRFOPH91237028
SV05601414500:FR VD1184816428
:86:000+20incasare card Carrefour BRDF+30303411033+31RO20BRDE450SV05601414500
+32BRD FINANCE IFN SA+33CUI/CNP16334236
+23SV05601414500:FR VD11848164+2428
+61BLD ION MIHALACHE NR 1-7 BL+62 TURN B ET 15 AP C241 01117
:61:2104090409C1088,07NTRFOPH91237034
SV05601414500:FR VD1184818934
:86:000+20incasare card Carrefour BRDF+30303411033+31RO20BRDE450SV05601414500
+32BRD FINANCE IFN SA+33CUI/CNP16334236
+23SV05601414500:FR VD11848189+2434
+61BLD ION MIHALACHE NR 1-7 BL+62 TURN B ET 15 AP C241 01117
:61:2104090409C187,56NTRFOPH91237045
SV05601414500:FR VD1184823134
:86:000+20incasare card Carrefour BRDF+30303411033+31RO20BRDE450SV05601414500
+32BRD FINANCE IFN SA+33CUI/CNP16334236
+23SV05601414500:FR VD11848231+2434
+61BLD ION MIHALACHE NR 1-7 BL+62 TURN B ET 15 AP C241 01117
:61:2104090409C2423,13NTRFOPH91237047
SV05601414500:FR VD1184823893
:86:000+20incasare card Carrefour BRDF+30303411033+31RO20BRDE450SV05601414500
+32BRD FINANCE IFN SA+33CUI/CNP16334236
+23SV05601414500:FR VD11848238+2493
+61BLD ION MIHALACHE NR 1-7 BL+62 TURN B ET 15 AP C241 01117
:61:2104090409C752,26NTRFOPH91237049
SV05601414500:FR VD1184825061
:86:000+20incasare card Carrefour BRDF+30303411033+31RO20BRDE450SV05601414500
+32BRD FINANCE IFN SA+33CUI/CNP16334236
+23SV05601414500:FR VD11848250+2461
+61BLD ION MIHALACHE NR 1-7 BL+62 TURN B ET 15 AP C241 01117
:61:2104090409C1243,75NTRFOPH91237053
SV05601414500:FR VD1184829977
:86:000+20                +30303411033+31RO20BRDE450SV05601414500
+32BRD FINANCE IFN SA+33CUI/CNP16334236
+23SV05601414500:FR VD11848299+2477
+61BLD ION MIHALACHE NR 1-7 BL+62 TURN B ET 15 AP C241 01117
:61:2104090409C313,00NTRFOPH91237056
SV05601414500:FR VD1184834088
:86:000+20                +30303411033+31RO20BRDE450SV05601414500
+32BRD FINANCE IFN SA+33CUI/CNP16334236
+23SV05601414500:FR VD11848340+2488
+61BLD ION MIHALACHE NR 1-7 BL+62 TURN B ET 15 AP C241 01117
:61:2104090409C519,43NTRFOPH91237057
SV05601414500:FR VD1184834140
:86:000+20                +30303411033+31RO20BRDE450SV05601414500
+32BRD FINANCE IFN SA+33CUI/CNP16334236
+23SV05601414500:FR VD11848341+2440
+61BLD ION MIHALACHE NR 1-7 BL+62 TURN B ET 15 AP C241 01117
:61:2104090409C429,06NTRFOPH91237065
SV05601414500:FR VD1184840482
:86:000+20                +30303411033+31RO20BRDE450SV05601414500
+32BRD FINANCE IFN SA+33CUI/CNP16334236
+23SV05601414500:FR VD11848404+2482
+61BLD ION MIHALACHE NR 1-7 BL+62 TURN B ET 15 AP C241 01117
:61:2104090409C3682,58NTRFOPH91237075
SV05601414500:FR VD1184849330
:86:000+20                +30303411033+31RO20BRDE450SV05601414500
+32BRD FINANCE IFN SA+33CUI/CNP16334236
+23SV05601414500:FR VD11848493+2430
+61BLD ION MIHALACHE NR 1-7 BL+62 TURN B ET 15 AP C241 01117
:61:2104090409C1772,10NTRFOPH91237076
SV05601414500:FR VD1184849526
:86:000+20                +30303411033+31RO20BRDE450SV05601414500
+32BRD FINANCE IFN SA+33CUI/CNP16334236
+23SV05601414500:FR VD11848495+2426
+61BLD ION MIHALACHE NR 1-7 BL+62 TURN B ET 15 AP C241 01117
:61:2104090409C1149,90NTRFOPH91237077
SV05601414500:FR VD1184849535
:86:000+20                +30303411033+31RO20BRDE450SV05601414500
+32BRD FINANCE IFN SA+33CUI/CNP16334236
+23SV05601414500:FR VD11848495+2435
+61BLD ION MIHALACHE NR 1-7 BL+62 TURN B ET 15 AP C241 01117
:61:2104090409D2000,00NMSCRN2104091201540000
alimentare marunt Carrefour Buzau 09.04.2021
:86:000+20Retrageri numer.+30303994216
+32Dl ARDELEANU DANIEL FLORIN+33/
+23alimentare marunt Carrefour+24 Buzau 09.04.2021
:61:2104090409D4,00NCOMRN2104091201540000
2H-Comision
:86:000+20Comision        
+232H-Comision
:61:2104090409D2200,00NMSCRN2104091202540000
alim marunt Carrefour Galati 09.04.2021
:86:000+20Retrageri numer.+30303994216
+32Dna CRACIUN CARMEN+33/
+23alim marunt Carrefour Galat+24i 09.04.2021
:61:2104090409D4,40NCOMRN2104091202540000
2H-Comision
:86:000+20Comision        
+232H-Comision
:61:2104090409D2000,00NMSCRN2104091204030000
plata pct col 1216008
:86:000+20Retrageri numer.+30303994221
+32Dna SOVEI PAULICA-GINA+33/
+23plata pct col 1216008
:61:2104090409D4,00NCOMRN2104091204030000
2H-Comision
:86:000+20Comision        
+232H-Comision
:61:2104090409C887485,81NTRFOMVIZVTR00276480542
F 1720,1721,1722,1723,1724,172 1726 /RFB/2617
:86:000+20TransCr-IncInter+31RO93BACX0000004508851001
+32ENIGMA TRADING 2000 SRL+33CUI/CNP6519490
+23F 1720,1721,1722,1723,1724,+24172 1726 /RFB/2617
:61:2104090409C143670,00NMSCFV2104091223560000
Pct col:01216005 Data col:09/04/2021 Denumire:COLESSEUM Transp:_ Referinta:cash
:86:000+20Inc. CC prin ABB+30303411135
+32Dna STANCIU MARIA DANIELA+33/
+23Pct col:01216005 Data col:0+249/04/2021 Denumire:COLESSEU
+25M Transp:_ Referinta:cash
:61:2104090409C232,50NMSCFV2104091224110003
Pct col:01216014 Data col:09/04/2021 Denumire:FOCSANI Transp:_ Referinta:inc loto cash
:86:000+20Inc. CC prin ABB+30303401001
+32Dna CISMARU MIRELA+33/
+23Pct col:01216014 Data col:0+249/04/2021 Denumire:FOCSANI 
+25Transp:_ Referinta:inc loto+26 cash
:61:2104090409C13794,36NMSCFV2104091226180013
Pct col:01216014 Data col:09/04/2021 Denumire:FOCSANI Transp:_ Referinta:inc fact paypoint
:86:000+20Inc. CC prin ABB+30303401001
+32Dna CISMARU MIRELA+33/
+23Pct col:01216014 Data col:0+249/04/2021 Denumire:FOCSANI 
+25Transp:_ Referinta:inc fact+26 paypoint
:61:2104090409C100,00NMSCFV2104091228290013
Pct col:01216014 Data col:09/04/2021 Denumire:FOCSANI Transp:_ Referinta:inc gift card
:86:000+20Inc. CC prin ABB+30303401001
+32Dna CISMARU MIRELA+33/
+23Pct col:01216014 Data col:0+249/04/2021 Denumire:FOCSANI 
+25Transp:_ Referinta:inc gift+26 card
:61:2104090409C49756,65NMSCFV2104091228570000
Pct col:01216005 Data col:09/04/2021 Denumire:COLESSEUM Transp:_ Referinta:pay collect alim
:86:000+20Inc. CC prin ABB+30303411135
+32Dna STANCIU MARIA DANIELA+33/
+23Pct col:01216005 Data col:0+249/04/2021 Denumire:COLESSEU
+25M Transp:_ Referinta:pay co+26llect alim
:61:2104090409C85,00NMSCFV2104091229200000
Pct col:01216005 Data col:08/04/2021 Denumire:COLESSEUM Transp:_ Referinta:cash collect alim
:86:000+20Inc. CC prin ABB+30303411135
+32Dna STANCIU MARIA DANIELA+33/
+23Pct col:01216005 Data col:0+248/04/2021 Denumire:COLESSEU
+25M Transp:_ Referinta:cash c+26ollect alim
:61:2104090409C15,00NMSCFV2104091229570001
Pct col:01216014 Data col:09/04/2021 Denumire:FOCSANI Transp:_ Referinta:inc asigurari
:86:000+20Inc. CC prin ABB+30303401001
+32Dna CISMARU MIRELA+33/
+23Pct col:01216014 Data col:0+249/04/2021 Denumire:FOCSANI 
+25Transp:_ Referinta:inc asig+26urari
:61:2104090409C677,50NMSCFV2104091231000000
Pct col:01216005 Data col:09/04/2021 Denumire:COLESSEUM Transp:_ Referinta:loto collect alim
:86:000+20Inc. CC prin ABB+30303411135
+32Dna STANCIU MARIA DANIELA+33/
+23Pct col:01216005 Data col:0+249/04/2021 Denumire:COLESSEU
+25M Transp:_ Referinta:loto c+26ollect alim
:61:2104090409C174270,00NMSCFV2104091244090005
Pct col:01216014 Data col:09/04/2021 Denumire:FOCSANI Transp:_ Referinta:cash collect alim
:86:000+20Inc. CC prin ABB+30303401001
+32Dna CISMARU MIRELA+33/
+23Pct col:01216014 Data col:0+249/04/2021 Denumire:FOCSANI 
+25Transp:_ Referinta:cash col+26lect alim
:61:2104090409C195252,28NTRFOMV043EPOH210991086
TRANSFER SOLD /RFB/2
:86:000+20TransCr-IncInter+31RO22BTRLRONINCL453912501
+32CARREFOUR ROMANIA SA+33CUI/CNP11588780
+23TRANSFER SOLD /RFB/2
:61:2104090409D2000,00NMSCRN2104091247330000
alimentare suceava 10.04.
:86:000+20Retrageri numer.+30303994217
+32Dna BALBA MIRELA ELENA+33/
+23alimentare suceava 10.04.
:61:2104090409D4,00NCOMRN2104091247330000
2H-Comision
:86:000+20Comision        
+232H-Comision
:61:2104090409C13510,32NMSCFV2104091251560000
Pct col:01216016 Data col:09/04/2021 Denumire:BUZAU Transp:_ Referinta:utilitati
:86:000+20Inc. CC prin ABB+30303101007
+32Dna FIRON NICOLETA-CRISTINA+33/
+23Pct col:01216016 Data col:0+249/04/2021 Denumire:BUZAU Tr
+25ansp:_ Referinta:utilitati
:61:2104090409C139,00NMSCFV2104091253300001
Pct col:01216016 Data col:09/04/2021 Denumire:BUZAU Transp:_ Referinta:loto
:86:000+20Inc. CC prin ABB+30303101007
+32Dna FIRON NICOLETA-CRISTINA+33/
+23Pct col:01216016 Data col:0+249/04/2021 Denumire:BUZAU Tr
+25ansp:_ Referinta:loto
:61:2104090409C128346,00NMSCFV2104091300000037
Pct col:01216016 Data col:09/04/2021 Denumire:BUZAU Transp:_ Referinta:inc
:86:000+20Inc. CC prin ABB+30303101007
+32Dna FIRON NICOLETA-CRISTINA+33/
+23Pct col:01216016 Data col:0+249/04/2021 Denumire:BUZAU Tr
+25ansp:_ Referinta:inc
:61:2104090409C59,57NTRFOPH39495828
/ROC/BatchId : 20174906 NETOPIA SRL //RFB/1558001/1272
:86:000+20TransCr-IncInter+31RO75MIND000100320862RO03
+32NETOPIA PAYMENTS SRL+33CUI/CNP15565496
+23/ROC/BatchId : 20174906 NET+24OPIA SRL //RFB/1558001/1272
:61:2104090409C1930,00NTRFOPH470250343/427
/ROC/carr50- 500003827//RFB/470250343/427/
:86:000+20TransCr-IncInter+31RO47INGB0000999908504249
+32VIRTUAL HUB SRL+33CUI/CNP36867659
+23/ROC/carr50- 500003827//RFB+24/470250343/427/
:61:2104090409C37632,17NMSCFV2104091403170000
Pct col:01216017 Data col:09/04/2021 Denumire:CRF HYPER GALATI Transp:_ Referinta:pay point
:86:000+20Inc. CC prin ABB+30303181008
+32Dna MANOLACHE DANIELA VIOLETA+33/
+23Pct col:01216017 Data col:0+249/04/2021 Denumire:CRF HYPE
+25R GALATI Transp:_ Referinta+26:pay point
:61:2104090409C380,50NMSCFV2104091404170003
Pct col:01216017 Data col:09/04/2021 Denumire:CRF HYPER GALATI Transp:_ Referinta:loto
:86:000+20Inc. CC prin ABB+30303181008
+32Dna MANOLACHE DANIELA VIOLETA+33/
+23Pct col:01216017 Data col:0+249/04/2021 Denumire:CRF HYPE
+25R GALATI Transp:_ Referinta+26:loto
:61:2104090409C183617,00NMSCFV2104091405050003
Pct col:01216017 Data col:09/04/2021 Denumire:CRF HYPER GALATI Transp:_ Referinta:cash
:86:000+20Inc. CC prin ABB+30303181008
+32Dna MANOLACHE DANIELA VIOLETA+33/
+23Pct col:01216017 Data col:0+249/04/2021 Denumire:CRF HYPE
+25R GALATI Transp:_ Referinta+26:cash
:61:2104090409C95471,00NMSCFV2104091407180001
Pct col:01216010 Data col:09/04/2021 Denumire:ORADEA LOTUS Transp:_ Referinta:cash
:86:000+20Inc. CC prin ABB+30303051004
+32BLEJAN NOEMI-KATALIN+33/
+23Pct col:01216010 Data col:0+249/04/2021 Denumire:ORADEA L
+25OTUS Transp:_ Referinta:cas+26h
:61:2104090409C884,06NTRFOPH5140565747
/ROC/F9167003069 CV F9167003069 CARREFOUR ROMANIA SA/RFB/NOTPROVIDED
:86:000+20TransCr-IncInter+31RO93UGBI0000652005230RON
+32ERMES HOLDING SRL+33/
+23/ROC/F9167003069 CV F916700+243069 CARREFOUR ROMANIA SA/R
+25FB/NOTPROVIDED
:61:2104090409C4101,87NMSCFV2104091409170000
Pct col:01216010 Data col:09/04/2021 Denumire:ORADEA LOTUS Transp:_ Referinta:paypoint
:86:000+20Inc. CC prin ABB+30303051004
+32BLEJAN NOEMI-KATALIN+33/
+23Pct col:01216010 Data col:0+249/04/2021 Denumire:ORADEA L
+25OTUS Transp:_ Referinta:pay+26point
:61:2104090409C319,50NMSCFV2104091410590007
Pct col:01216010 Data col:09/04/2021 Denumire:ORADEA LOTUS Transp:_ Referinta:loto
:86:000+20Inc. CC prin ABB+30303051004
+32BLEJAN NOEMI-KATALIN+33/
+23Pct col:01216010 Data col:0+249/04/2021 Denumire:ORADEA L
+25OTUS Transp:_ Referinta:lot+26o
:61:2104090409C42072,79NMSCFV2104091502580000
Pct col:01216001 Data col:09/04/2021 Denumire:COLENTINA Transp:_ Referinta:utilitati
:86:000+20Inc. CC prin ABB+30303411135
+32Dna GHEORGHE MARIA-MIHAELA+33/
+23Pct col:01216001 Data col:0+249/04/2021 Denumire:COLENTIN
+25A Transp:_ Referinta:utilit+26ati
:61:2104090409C918,50NMSCFV2104091503340000
Pct col:01216001 Data col:09/04/2021 Denumire:COLENTINA Transp:_ Referinta:loto
:86:000+20Inc. CC prin ABB+30303411135
+32Dna DORDEA MIHAELA+33/
+23Pct col:01216001 Data col:0+249/04/2021 Denumire:COLENTIN
+25A Transp:_ Referinta:loto
:61:2104090409C316076,00NMSCFV2104091504250000
Pct col:01216001 Data col:09/04/2021 Denumire:COLENTINA Transp:_ Referinta:cash din vanzari
:86:000+20Inc. CC prin ABB+30303411135
+32Dna DORDEA MIHAELA+33/
+23Pct col:01216001 Data col:0+249/04/2021 Denumire:COLENTIN
+25A Transp:_ Referinta:cash d+26in vanzari
:61:2104090409C93879,00NMSCFV2104091528300002
Pct col:01216009 Data col:09/04/2021 Denumire:ORADEA ERA Transp:_ Referinta:cash
:86:000+20Inc. CC prin ABB+30303051004
+32Dra SCHEIPNER ANITA-RAMONA+33/
+23Pct col:01216009 Data col:0+249/04/2021 Denumire:ORADEA E
+25RA Transp:_ Referinta:cash
:61:2104090409C2821,22NMSCFV2104091532200005
Pct col:01216009 Data col:09/04/2021 Denumire:ORADEA ERA Transp:_ Referinta:utilitati
:86:000+20Inc. CC prin ABB+30303051004
+32Dra SCHEIPNER ANITA-RAMONA+33/
+23Pct col:01216009 Data col:0+249/04/2021 Denumire:ORADEA E
+25RA Transp:_ Referinta:utili+26tati
:61:2104090409C38,00NMSCFV2104091533050001
Pct col:01216009 Data col:09/04/2021 Denumire:ORADEA ERA Transp:_ Referinta:loto
:86:000+20Inc. CC prin ABB+30303051004
+32Dra SCHEIPNER ANITA-RAMONA+33/
+23Pct col:01216009 Data col:0+249/04/2021 Denumire:ORADEA E
+25RA Transp:_ Referinta:loto
:61:2104090409C22442,78NTRFOPH210409S833460274
/ROC/FCT 21001365/RFB/806
:86:000+20TransCr-IncInter+31RO33RNCB0091097042290001
+32VESTA INVESTMENT SRL+33CUI/CNP5891142
+23/ROC/FCT 21001365/RFB/806
:61:2104090409C9728,18NTRFOPHPA5210409929455
/ROC/FF 9161006087/01.04.2021 FF 9161005920/30.03.2021 FF 9161006060/01.04.2021//RFB/IBBK1/IBBK1
:86:000+20TransCr-IncInter+31RO65INGB0001008174148920
+32FELICIA SHOPPING CENTER SRL+33CUI/CNP19834643
+23/ROC/FF 9161006087/01.04.20+2421 FF 9161005920/30.03.2021
+25 FF 9161006060/01.04.2021//+26RFB/IBBK1/IBBK1
:61:2104090409C408,96NTRFOPHIZVTR00276556389
fact. 50089709/31.03.2021/RFB/4
:86:000+20TransCr-IncInter+31RO37BACX0000000563044008
+32ZIMBO ROMANIA SRL+33CUI/CNP18883230
+23fact. 50089709/31.03.2021/R+24FB/4
:61:2104090409C1169,00NMSCFV2104091623530001
Pct col:01216011 Data col:09/04/2021 Denumire:PITESTI Transp:_ Referinta:utilitati
:86:000+20Inc. CC prin ABB+30303031006
+32Dna COJANU ANA MAGDALENA+33/
+23Pct col:01216011 Data col:0+249/04/2021 Denumire:PITESTI 
+25Transp:_ Referinta:utilitat+26i
:61:2104090409C183,50NMSCFV2104091626290003
Pct col:01216011 Data col:09/04/2021 Denumire:PITESTI Transp:_ Referinta:loto
:86:000+20Inc. CC prin ABB+30303031006
+32Dna COJANU ANA MAGDALENA+33/
+23Pct col:01216011 Data col:0+249/04/2021 Denumire:PITESTI 
+25Transp:_ Referinta:loto
:61:2104090409C73939,00NMSCFV2104091636310065
Pct col:01216011 Data col:09/04/2021 Denumire:PITESTI Transp:_ Referinta:cash collect alim
:86:000+20Inc. CC prin ABB+30303031006
+32Dna COJANU ANA MAGDALENA+33/
+23Pct col:01216011 Data col:0+249/04/2021 Denumire:PITESTI 
+25Transp:_ Referinta:cash col+26lect alim
:61:2104090409C225674,16NMSCFV2104091644460000
Pct col:01216018 Data col:09/04/2021 Denumire:CARREFOUR VULCAN Transp:_ Referinta:cash
:86:000+20Inc. CC prin ABB+30303411135
+32Dna KULCSAR ANCA EUGENIA+33/
+23Pct col:01216018 Data col:0+249/04/2021 Denumire:CARREFOU
+25R VULCAN Transp:_ Referinta+26:cash
:61:2104090409C130265,00NMSCFV2104091705170000
Pct col:01216006 Data col:09/04/2021 Denumire:UNIRII Transp:_ Referinta:cash
:86:000+20Inc. CC prin ABB+30303411135
+32Dna DUMITRESCU ELENA+33/
+23Pct col:01216006 Data col:0+249/04/2021 Denumire:UNIRII T
+25ransp:_ Referinta:cash
:61:2104090409C306,00NMSCFV2104091705440000
Pct col:01216004 Data col:09/04/2021 Denumire:BERCENI Transp:_ Referinta:loto
:86:000+20Inc. CC prin ABB+30303411135
+32Dl CUCU DUMITRU DANIEL+33/
+23Pct col:01216004 Data col:0+249/04/2021 Denumire:BERCENI 
+25Transp:_ Referinta:loto
:61:2104090409C40692,61NMSCFV2104091706040000
Pct col:01216004 Data col:09/04/2021 Denumire:BERCENI Transp:_ Referinta:utilitati
:86:000+20Inc. CC prin ABB+30303411135
+32Dl CUCU DUMITRU DANIEL+33/
+23Pct col:01216004 Data col:0+249/04/2021 Denumire:BERCENI 
+25Transp:_ Referinta:utilitat+26i
:61:2104090409C111181,00NMSCFV2104091706580000
Pct col:01216004 Data col:09/04/2021 Denumire:BERCENI Transp:_ Referinta:incasari vz cash
:86:000+20Inc. CC prin ABB+30303411135
+32Dl CUCU DUMITRU DANIEL+33/
+23Pct col:01216004 Data col:0+249/04/2021 Denumire:BERCENI 
+25Transp:_ Referinta:incasari+26 vz cash
:61:2104090409C100204,00NMSCFV2104091707230000
Pct col:01216004 Data col:09/04/2021 Denumire:BERCENI Transp:_ Referinta:incasari vz cash
:86:000+20Inc. CC prin ABB+30303411135
+32Dl CUCU DUMITRU DANIEL+33/
+23Pct col:01216004 Data col:0+249/04/2021 Denumire:BERCENI 
+25Transp:_ Referinta:incasari+26 vz cash
:61:2104090409C26331,50NMSCFV2104091711240000
Pct col:01216018 Data col:09/04/2021 Denumire:CARREFOUR VULCAN Transp:_ Referinta:paypoint
:86:000+20Inc. CC prin ABB+30303411135
+32Dna KULCSAR ANCA EUGENIA+33/
+23Pct col:01216018 Data col:0+249/04/2021 Denumire:CARREFOU
+25R VULCAN Transp:_ Referinta+26:paypoint
:61:2104090409C15,00NMSCFV2104091711470000
Pct col:01216018 Data col:09/04/2021 Denumire:CARREFOUR VULCAN Transp:_ Referinta:asigurari
:86:000+20Inc. CC prin ABB+30303411135
+32Dna KULCSAR ANCA EUGENIA+33/
+23Pct col:01216018 Data col:0+249/04/2021 Denumire:CARREFOU
+25R VULCAN Transp:_ Referinta+26:asigurari
:61:2104090409C566,50NMSCFV2104091712080005
Pct col:01216018 Data col:09/04/2021 Denumire:CARREFOUR VULCAN Transp:_ Referinta:loto prono
:86:000+20Inc. CC prin ABB+30303411135
+32Dna KULCSAR ANCA EUGENIA+33/
+23Pct col:01216018 Data col:0+249/04/2021 Denumire:CARREFOU
+25R VULCAN Transp:_ Referinta+26:loto prono
:61:2104090409C5550,68NMSCFV2104091717450000
Pct col:01216006 Data col:09/04/2021 Denumire:UNIRII Transp:_ Referinta:utilitati
:86:000+20Inc. CC prin ABB+30303411135
+32Dna DUMITRESCU ELENA+33/
+23Pct col:01216006 Data col:0+249/04/2021 Denumire:UNIRII T
+25ransp:_ Referinta:utilitati
:61:2104090409C712,00NMSCFV2104091718090000
Pct col:01216006 Data col:09/04/2021 Denumire:UNIRII Transp:_ Referinta:loto
:86:000+20Inc. CC prin ABB+30303411135
+32Dna DUMITRESCU ELENA+33/
+23Pct col:01216006 Data col:0+249/04/2021 Denumire:UNIRII T
+25ransp:_ Referinta:loto
:61:2104090409C3071,67NTRFNCSO SV04646274500
TRANSFER CT DD TRANSFER CT DD
:86:000+20TransCr-Incasare+30303411033+31RO53BRDE450SV04646274500
+23TRANSFER CT DD TRANSFER CT +24DD
:62F:C210409RON17975600,81
:64:C210409RON202632800,81
:86:Credit neutilizat la 09/04/2021: 184657200,00 \
Sume blocate la 09/04/2021: 0,00

:20:4244500
:25:RO53BRDE450SV04646274500
:28:00099/95
:60F:D210409RON0,00
:61:2104090409C3071,77NTRFOPHDD10307215
SV42111161400:FR ULKER IMPEX /PREF/DD10307215
:86:000+20Incasare        +30303141003+31RO12BRDE140SV42111161400
+32DB DIR/CAREFOUR+33CUI/CNP6741097
+23SV42111161400:FR ULKER IMPE+24X /PREF/DD10307215
+61STR OBORULUI NR 11 LOT 9054+6200 HARSOVA JUD CT
:61:2104090409D0,10NTRFOPHDD10307215
00000000000:TO
:86:000+20Comis. facturi  +30303141003
+321400-Comision BRD+33/
+2300000000000:TO
:61:2104090409D3071,67NTRFNCSO SV04646274500
TRANSFER CT DD TRANSFER CT DD
:86:000+20Transfer automat+30303411033+31RO74BRDE450SV00997684500
+23TRANSFER CT DD TRANSFER CT +24DD
:62F:D210409RON0,00
:64:C210409RON0,00
:86:Credit neutilizat la 09/04/2021: 0,00 \
Sume blocate la 09/04/2021: 0,00

:20:4244500
:25:RO66BRDE450SV06011774500
:28:00099/99
:60F:C210409RON34355,02
:62F:C210409RON34355,02
:64:C210409RON34355,02
:86:Credit neutilizat la 09/04/2021: 0,00 \
Sume blocate la 09/04/2021: 0,00

:20:4244500
:25:RO93BRDE450SV06145094500
:28:00099/132
:60F:C210409EUR320218,63
:61:2104090409D5000,00NMSCRN2104091039410014
pct col 1216015 comanda eur
:86:000+20Retrageri numer.+30303331000
+32Dra RADU DIANA+33/
+23pct col 1216015 comanda eur
:61:2104090409D10,00NCOMRN2104091039410014
2H-Comision Autz.de
:86:000+20Comision        
+232H-Comision Autz.de
:61:2104090409D20000,00NMSCRN2104091051180000
plata pct col:1216010 Oradea Lotus
:86:000+20Retrageri numer.+30303051004
+32BLEJAN NOEMI-KATALIN+33/
+23plata pct col:1216010 Orade+24a Lotus
:61:2104090409D40,00NCOMRN2104091051180000
2H-Comision Autz.de
:86:000+20Comision        
+232H-Comision Autz.de
:61:2104090409D10000,00NMSCRN2104091052450001
plata pct col:1216009 Oradea Era
:86:000+20Retrageri numer.+30303051004
+32Dna HUTAI ELISABETA-ANA+33/
+23plata pct col:1216009 Orade+24a Era
:61:2104090409D20,00NCOMRN2104091052450001
2H-Comision Autz.de
:86:000+20Comision        
+232H-Comision Autz.de
:61:2104090409D5000,00NMSCRN2104091205010000
plata pct col 1216008
:86:000+20Retrageri numer.+30303994221
+32Dna SOVEI PAULICA-GINA+33/
+23plata pct col 1216008
:61:2104090409D10,00NCOMRN2104091205010000
2H-Comision Autz.de rgn42011
:86:000+20Comision        
+232H-Comision Autz.de rgn4201+241
:61:2104090409D8000,00NMSCRN2104091304590000
alim valuta pct 01216012 suceava
:86:000+20Retrageri numer.+30303341008
+32Dna BALBA MIRELA ELENA+33/
+23alim valuta pct 01216012 su+24ceava
:61:2104090409D16,00NCOMRN2104091304590000
2H-Comision Autz.de
:86:000+20Comision        
+232H-Comision Autz.de
:61:2104090409D15000,00NMSCRN2104091539410000
plata pct col 01216005
:86:000+20Retrageri numer.+30303411135
+32Dna PAUN LUMINITA-NICOLETA+33/
+23plata pct col 01216005
:61:2104090409D30,00NCOMRN2104091539410000
2H-Comision Autz.de rgn42025
:86:000+20Comision        
+232H-Comision Autz.de rgn4202+245
:61:2104090409D5000,00NMSCRN2104091540390000
plata pct col 01216021
:86:000+20Retrageri numer.+30303411135
+32Dl ILIE REMUS-CRISTIAN+33/
+23plata pct col 01216021
:61:2104090409D10,00NCOMRN2104091540390000
2H-Comision Autz.de rgn42025
:86:000+20Comision        
+232H-Comision Autz.de rgn4202+245
:61:2104090409D4000,00NMSCRN2104091541410000
plata pct col 01216022
:86:000+20Retrageri numer.+30303411135
+32Dna GICU IANCA+33/
+23plata pct col 01216022
:61:2104090409D8,00NCOMRN2104091541410000
2H-Comision
:86:000+20Comision        
+232H-Comision
:61:2104090409D4000,00NMSCRN2104091542150000
plata pct col 01216003
:86:000+20Retrageri numer.+30303411135
+32Dl GULIAN ALIN-FLORIN+33/
+23plata pct col 01216003
:61:2104090409D8,00NCOMRN2104091542150000
2H-Comision
:86:000+20Comision        
+232H-Comision
:61:2104090409D10000,00NMSCRN2104091543010000
plata pct col 01216001
:86:000+20Retrageri numer.+30303411135
+32Dna IACOBUTA GEORGETA+33/
+23plata pct col 01216001
:61:2104090409D20,00NCOMRN2104091543010000
2H-Comision Autz.de rgn42025
:86:000+20Comision        
+232H-Comision Autz.de rgn4202+245
:62F:C210409EUR234046,63
:64:C210409EUR234046,63
:86:Credit neutilizat la 09/04/2021: 0,00 \
Sume blocate la 09/04/2021: 0,00

:20:1119934500
:25:RO73BRDE450SV21500594500
:28:00099/1
:60F:C210409RON4040,74
:62F:C210409RON4040,74
:64:C210409RON4040,74
:86:Credit neutilizat la 09/04/2021: 0,00 \
Sume blocate la 09/04/2021: 0,00

:20:1088214500
:25:RO66BRDE450SV29412054500
:28:00099/1
:60F:C210409RON3796,31
:62F:C210409RON3796,31
:64:C210409RON3796,31
:86:Credit neutilizat la 09/04/2021: 0,00 \
Sume blocate la 09/04/2021: 0,00

:20:1096704500
:25:RO89BRDE450SV74289614500
:28:00099/1
:60F:C210409RON23894501,12
:61:2104080409C31694,98NTRFNC2104090848560012
CA00000000571:FR 4504
:86:000+20Incasari card
+23CA00000000571:FR 4504
:61:2104080409D243,06NCOMNC2104090848560012
SV74289614500:TO 4504
:86:000+20Comision        +31RO89BRDE450SV74289614500
+32COLUMBUS OPERATIONAL SRL+33CUI/CNP9657315
+23SV74289614500:TO 4504
+61STR GARA HERASTRAU NR 4C BL+62 GREEN SC B ET 7 AP C 07000
:61:2104080409C26804,83NTRFNC2104090848560042
CA00000000472:FR 4505
:86:000+20Incasari card
+23CA00000000472:FR 4505
:61:2104080409D219,21NCOMNC2104090848560042
SV74289614500:TO 4505
:86:000+20Comision        +31RO89BRDE450SV74289614500
+32COLUMBUS OPERATIONAL SRL+33CUI/CNP9657315
+23SV74289614500:TO 4505
+61STR GARA HERASTRAU NR 4C BL+62 GREEN SC B ET 7 AP C 07000
:61:2104080409C66073,43NTRFNC2104090848570024
CA00000001060:FR 4508
:86:000+20Incasari card
+23CA00000001060:FR 4508
:61:2104080409D457,27NCOMNC2104090848570024
SV74289614500:TO 4508
:86:000+20Comision        +31RO89BRDE450SV74289614500
+32COLUMBUS OPERATIONAL SRL+33CUI/CNP9657315
+23SV74289614500:TO 4508
+61STR GARA HERASTRAU NR 4C BL+62 GREEN SC B ET 7 AP C 07000
:61:2104080409C25581,87NTRFNC2104090848580018
CA00000000487:FR 4509
:86:000+20Incasari card
+23CA00000000487:FR 4509
:61:2104080409D176,42NCOMNC2104090848580018
SV74289614500:TO 4509
:86:000+20Comision        +31RO89BRDE450SV74289614500
+32COLUMBUS OPERATIONAL SRL+33CUI/CNP9657315
+23SV74289614500:TO 4509
+61STR GARA HERASTRAU NR 4C BL+62 GREEN SC B ET 7 AP C 07000
:61:2104080409C27334,97NTRFNC2104090848590002
CA00000000372:FR 4510
:86:000+20Incasari card
+23CA00000000372:FR 4510
:61:2104080409D231,74NCOMNC2104090848590002
SV74289614500:TO 4510
:86:000+20Comision        +31RO89BRDE450SV74289614500
+32COLUMBUS OPERATIONAL SRL+33CUI/CNP9657315
+23SV74289614500:TO 4510
+61STR GARA HERASTRAU NR 4C BL+62 GREEN SC B ET 7 AP C 07000
:61:2104080409C17476,56NTRFNC2104090848590030
CA00000000315:FR 4516
:86:000+20Incasari card
+23CA00000000315:FR 4516
:61:2104080409D166,07NCOMNC2104090848590030
SV74289614500:TO 4516
:86:000+20Comision        +31RO89BRDE450SV74289614500
+32COLUMBUS OPERATIONAL SRL+33CUI/CNP9657315
+23SV74289614500:TO 4516
+61STR GARA HERASTRAU NR 4C BL+62 GREEN SC B ET 7 AP C 07000
:61:2104080409C23472,15NTRFNC2104090849000012
CA00000000409:FR 4517
:86:000+20Incasari card
+23CA00000000409:FR 4517
:61:2104080409D202,55NCOMNC2104090849000012
SV74289614500:TO 4517
:86:000+20Comision        +31RO89BRDE450SV74289614500
+32COLUMBUS OPERATIONAL SRL+33CUI/CNP9657315
+23SV74289614500:TO 4517
+61STR GARA HERASTRAU NR 4C BL+62 GREEN SC B ET 7 AP C 07000
:61:2104080409C15160,59NTRFNC2104090849010000
CA00000000259:FR 4518
:86:000+20Incasari card
+23CA00000000259:FR 4518
:61:2104080409D109,17NCOMNC2104090849010000
SV74289614500:TO 4518
:86:000+20Comision        +31RO89BRDE450SV74289614500
+32COLUMBUS OPERATIONAL SRL+33CUI/CNP9657315
+23SV74289614500:TO 4518
+61STR GARA HERASTRAU NR 4C BL+62 GREEN SC B ET 7 AP C 07000
:61:2104080409C62573,25NTRFNC2104090849010025
CA00000001234:FR 4519
:86:000+20Incasari card
+23CA00000001234:FR 4519
:61:2104080409D452,10NCOMNC2104090849010025
SV74289614500:TO 4519
:86:000+20Comision        +31RO89BRDE450SV74289614500
+32COLUMBUS OPERATIONAL SRL+33CUI/CNP9657315
+23SV74289614500:TO 4519
+61STR GARA HERASTRAU NR 4C BL+62 GREEN SC B ET 7 AP C 07000
:61:2104080409C23944,79NTRFNC2104090849020016
CA00000000438:FR 4520
:86:000+20Incasari card
+23CA00000000438:FR 4520
:61:2104080409D183,58NCOMNC2104090849020016
SV74289614500:TO 4520
:86:000+20Comision        +31RO89BRDE450SV74289614500
+32COLUMBUS OPERATIONAL SRL+33CUI/CNP9657315
+23SV74289614500:TO 4520
+61STR GARA HERASTRAU NR 4C BL+62 GREEN SC B ET 7 AP C 07000
:61:2104080409C23349,29NTRFNC2104090849030000
CA00000000518:FR 4521
:86:000+20Incasari card
+23CA00000000518:FR 4521
:61:2104080409D236,04NCOMNC2104090849030000
SV74289614500:TO 4521
:86:000+20Comision        +31RO89BRDE450SV74289614500
+32COLUMBUS OPERATIONAL SRL+33CUI/CNP9657315
+23SV74289614500:TO 4521
+61STR GARA HERASTRAU NR 4C BL+62 GREEN SC B ET 7 AP C 07000
:61:2104080409C25271,95NTRFNC2104090849030032
CA00000000367:FR 4523
:86:000+20Incasari card
+23CA00000000367:FR 4523
:61:2104080409D209,37NCOMNC2104090849030032
SV74289614500:TO 4523
:86:000+20Comision        +31RO89BRDE450SV74289614500
+32COLUMBUS OPERATIONAL SRL+33CUI/CNP9657315
+23SV74289614500:TO 4523
+61STR GARA HERASTRAU NR 4C BL+62 GREEN SC B ET 7 AP C 07000
:61:2104080409C37004,93NTRFNC2104090849040016
CA00000000649:FR 4524
:86:000+20Incasari card
+23CA00000000649:FR 4524
:61:2104080409D293,71NCOMNC2104090849040016
SV74289614500:TO 4524
:86:000+20Comision        +31RO89BRDE450SV74289614500
+32COLUMBUS OPERATIONAL SRL+33CUI/CNP9657315
+23SV74289614500:TO 4524
+61STR GARA HERASTRAU NR 4C BL+62 GREEN SC B ET 7 AP C 07000
:61:2104080409C28453,72NTRFNC2104090849040043
CA00000000526:FR 4527
:86:000+20Incasari card
+23CA00000000526:FR 4527
:61:2104080409D258,34NCOMNC2104090849040043
SV74289614500:TO 4527
:86:000+20Comision        +31RO89BRDE450SV74289614500
+32COLUMBUS OPERATIONAL SRL+33CUI/CNP9657315
+23SV74289614500:TO 4527
+61STR GARA HERASTRAU NR 4C BL+62 GREEN SC B ET 7 AP C 07000
:61:2104080409C80335,75NTRFNC2104090849050016
CA00000001073:FR 4528
:86:000+20Incasari card
+23CA00000001073:FR 4528
:61:2104080409D631,03NCOMNC2104090849050016
SV74289614500:TO 4528
:86:000+20Comision        +31RO89BRDE450SV74289614500
+32COLUMBUS OPERATIONAL SRL+33CUI/CNP9657315
+23SV74289614500:TO 4528
+61STR GARA HERASTRAU NR 4C BL+62 GREEN SC B ET 7 AP C 07000
:61:2104080409C23224,42NTRFNC2104090849060003
CA00000000443:FR 4530
:86:000+20Incasari card
+23CA00000000443:FR 4530
:61:2104080409D153,18NCOMNC2104090849060003
SV74289614500:TO 4530
:86:000+20Comision        +31RO89BRDE450SV74289614500
+32COLUMBUS OPERATIONAL SRL+33CUI/CNP9657315
+23SV74289614500:TO 4530
+61STR GARA HERASTRAU NR 4C BL+62 GREEN SC B ET 7 AP C 07000
:61:2104080409C11400,93NTRFNC2104090849060021
CA00000000247:FR 4531
:86:000+20Incasari card
+23CA00000000247:FR 4531
:61:2104080409D117,27NCOMNC2104090849060021
SV74289614500:TO 4531
:86:000+20Comision        +31RO89BRDE450SV74289614500
+32COLUMBUS OPERATIONAL SRL+33CUI/CNP9657315
+23SV74289614500:TO 4531
+61STR GARA HERASTRAU NR 4C BL+62 GREEN SC B ET 7 AP C 07000
:61:2104080409C7937,45NTRFNC2104090849070011
CA00000000187:FR 4532
:86:000+20Incasari card
+23CA00000000187:FR 4532
:61:2104080409D79,77NCOMNC2104090849070011
SV74289614500:TO 4532
:86:000+20Comision        +31RO89BRDE450SV74289614500
+32COLUMBUS OPERATIONAL SRL+33CUI/CNP9657315
+23SV74289614500:TO 4532
+61STR GARA HERASTRAU NR 4C BL+62 GREEN SC B ET 7 AP C 07000
:61:2104080409C12530,33NTRFNC2104090849070031
CA00000000294:FR 4534
:86:000+20Incasari card
+23CA00000000294:FR 4534
:61:2104080409D101,92NCOMNC2104090849070031
SV74289614500:TO 4534
:86:000+20Comision        +31RO89BRDE450SV74289614500
+32COLUMBUS OPERATIONAL SRL+33CUI/CNP9657315
+23SV74289614500:TO 4534
+61STR GARA HERASTRAU NR 4C BL+62 GREEN SC B ET 7 AP C 07000
:61:2104080409C14461,62NTRFNC2104090849080010
CA00000000254:FR 4536
:86:000+20Incasari card
+23CA00000000254:FR 4536
:61:2104080409D122,01NCOMNC2104090849080010
SV74289614500:TO 4536
:86:000+20Comision        +31RO89BRDE450SV74289614500
+32COLUMBUS OPERATIONAL SRL+33CUI/CNP9657315
+23SV74289614500:TO 4536
+61STR GARA HERASTRAU NR 4C BL+62 GREEN SC B ET 7 AP C 07000
:61:2104080409C20775,12NTRFNC2104090849080028
CA00000000401:FR 4538
:86:000+20Incasari card
+23CA00000000401:FR 4538
:61:2104080409D219,87NCOMNC2104090849080028
SV74289614500:TO 4538
:86:000+20Comision        +31RO89BRDE450SV74289614500
+32COLUMBUS OPERATIONAL SRL+33CUI/CNP9657315
+23SV74289614500:TO 4538
+61STR GARA HERASTRAU NR 4C BL+62 GREEN SC B ET 7 AP C 07000
:61:2104080409C21654,52NTRFNC2104090849090009
CA00000000586:FR 4540
:86:000+20Incasari card
+23CA00000000586:FR 4540
:61:2104080409D212,18NCOMNC2104090849090009
SV74289614500:TO 4540
:86:000+20Comision        +31RO89BRDE450SV74289614500
+32COLUMBUS OPERATIONAL SRL+33CUI/CNP9657315
+23SV74289614500:TO 4540
+61STR GARA HERASTRAU NR 4C BL+62 GREEN SC B ET 7 AP C 07000
:61:2104080409C16242,80NTRFNC2104090849090030
CA00000000398:FR 4541
:86:000+20Incasari card
+23CA00000000398:FR 4541
:61:2104080409D162,16NCOMNC2104090849090030
SV74289614500:TO 4541
:86:000+20Comision        +31RO89BRDE450SV74289614500
+32COLUMBUS OPERATIONAL SRL+33CUI/CNP9657315
+23SV74289614500:TO 4541
+61STR GARA HERASTRAU NR 4C BL+62 GREEN SC B ET 7 AP C 07000
:61:2104080409C14876,59NTRFNC2104090849100015
CA00000000433:FR 4542
:86:000+20Incasari card
+23CA00000000433:FR 4542
:61:2104080409D133,06NCOMNC2104090849100015
SV74289614500:TO 4542
:86:000+20Comision        +31RO89BRDE450SV74289614500
+32COLUMBUS OPERATIONAL SRL+33CUI/CNP9657315
+23SV74289614500:TO 4542
+61STR GARA HERASTRAU NR 4C BL+62 GREEN SC B ET 7 AP C 07000
:61:2104080409C15661,47NTRFNC2104090849100034
CA00000000473:FR 4543
:86:000+20Incasari card
+23CA00000000473:FR 4543
:61:2104080409D167,10NCOMNC2104090849100034
SV74289614500:TO 4543
:86:000+20Comision        +31RO89BRDE450SV74289614500
+32COLUMBUS OPERATIONAL SRL+33CUI/CNP9657315
+23SV74289614500:TO 4543
+61STR GARA HERASTRAU NR 4C BL+62 GREEN SC B ET 7 AP C 07000
:61:2104080409C18315,18NTRFNC2104090849110013
CA00000000400:FR 4545
:86:000+20Incasari card
+23CA00000000400:FR 4545
:61:2104080409D125,85NCOMNC2104090849110013
SV74289614500:TO 4545
:86:000+20Comision        +31RO89BRDE450SV74289614500
+32COLUMBUS OPERATIONAL SRL+33CUI/CNP9657315
+23SV74289614500:TO 4545
+61STR GARA HERASTRAU NR 4C BL+62 GREEN SC B ET 7 AP C 07000
:61:2104080409C32652,63NTRFNC2104090849110035
CA00000000490:FR 4546
:86:000+20Incasari card
+23CA00000000490:FR 4546
:61:2104080409D296,25NCOMNC2104090849110035
SV74289614500:TO 4546
:86:000+20Comision        +31RO89BRDE450SV74289614500
+32COLUMBUS OPERATIONAL SRL+33CUI/CNP9657315
+23SV74289614500:TO 4546
+61STR GARA HERASTRAU NR 4C BL+62 GREEN SC B ET 7 AP C 07000
:61:2104080409C12343,44NTRFNC2104090849120010
CA00000000270:FR 4547
:86:000+20Incasari card
+23CA00000000270:FR 4547
:61:2104080409D101,10NCOMNC2104090849120010
SV74289614500:TO 4547
:86:000+20Comision        +31RO89BRDE450SV74289614500
+32COLUMBUS OPERATIONAL SRL+33CUI/CNP9657315
+23SV74289614500:TO 4547
+61STR GARA HERASTRAU NR 4C BL+62 GREEN SC B ET 7 AP C 07000
:61:2104080409C31087,42NTRFNC2104090849120030
CA00000000661:FR 4550
:86:000+20Incasari card
+23CA00000000661:FR 4550
:61:2104080409D204,62NCOMNC2104090849120030
SV74289614500:TO 4550
:86:000+20Comision        +31RO89BRDE450SV74289614500
+32COLUMBUS OPERATIONAL SRL+33CUI/CNP9657315
+23SV74289614500:TO 4550
+61STR GARA HERASTRAU NR 4C BL+62 GREEN SC B ET 7 AP C 07000
:61:2104080409C21107,22NTRFNC2104090849130007
CA00000000454:FR 4551
:86:000+20Incasari card
+23CA00000000454:FR 4551
:61:2104080409D151,57NCOMNC2104090849130007
SV74289614500:TO 4551
:86:000+20Comision        +31RO89BRDE450SV74289614500
+32COLUMBUS OPERATIONAL SRL+33CUI/CNP9657315
+23SV74289614500:TO 4551
+61STR GARA HERASTRAU NR 4C BL+62 GREEN SC B ET 7 AP C 07000
:61:2104080409C39317,11NTRFNC2104090849130026
CA00000001157:FR 4552
:86:000+20Incasari card
+23CA00000001157:FR 4552
:61:2104080409D276,07NCOMNC2104090849130026
SV74289614500:TO 4552
:86:000+20Comision        +31RO89BRDE450SV74289614500
+32COLUMBUS OPERATIONAL SRL+33CUI/CNP9657315
+23SV74289614500:TO 4552
+61STR GARA HERASTRAU NR 4C BL+62 GREEN SC B ET 7 AP C 07000
:61:2104080409C19002,91NTRFNC2104090849140005
CA00000000444:FR 4553
:86:000+20Incasari card
+23CA00000000444:FR 4553
:61:2104080409D148,74NCOMNC2104090849140005
SV74289614500:TO 4553
:86:000+20Comision        +31RO89BRDE450SV74289614500
+32COLUMBUS OPERATIONAL SRL+33CUI/CNP9657315
+23SV74289614500:TO 4553
+61STR GARA HERASTRAU NR 4C BL+62 GREEN SC B ET 7 AP C 07000
:61:2104080409C13410,54NTRFNC2104090849140021
CA00000000312:FR 4554
:86:000+20Incasari card
+23CA00000000312:FR 4554
:61:2104080409D96,42NCOMNC2104090849140021
SV74289614500:TO 4554
:86:000+20Comision        +31RO89BRDE450SV74289614500
+32COLUMBUS OPERATIONAL SRL+33CUI/CNP9657315
+23SV74289614500:TO 4554
+61STR GARA HERASTRAU NR 4C BL+62 GREEN SC B ET 7 AP C 07000
:61:2104080409C10881,43NTRFNC2104090849140038
CA00000000521:FR 4556
:86:000+20Incasari card
+23CA00000000521:FR 4556
:61:2104080409D108,13NCOMNC2104090849140038
SV74289614500:TO 4556
:86:000+20Comision        +31RO89BRDE450SV74289614500
+32COLUMBUS OPERATIONAL SRL+33CUI/CNP9657315
+23SV74289614500:TO 4556
+61STR GARA HERASTRAU NR 4C BL+62 GREEN SC B ET 7 AP C 07000
:61:2104080409C9813,51NTRFNC2104090849150013
CA00000000252:FR 4557
:86:000+20Incasari card
+23CA00000000252:FR 4557
:61:2104080409D88,23NCOMNC2104090849150013
SV74289614500:TO 4557
:86:000+20Comision        +31RO89BRDE450SV74289614500
+32COLUMBUS OPERATIONAL SRL+33CUI/CNP9657315
+23SV74289614500:TO 4557
+61STR GARA HERASTRAU NR 4C BL+62 GREEN SC B ET 7 AP C 07000
:61:2104080409C19281,56NTRFNC2104090849150027
CA00000000610:FR 4558
:86:000+20Incasari card
+23CA00000000610:FR 4558
:61:2104080409D141,74NCOMNC2104090849150027
SV74289614500:TO 4558
:86:000+20Comision        +31RO89BRDE450SV74289614500
+32COLUMBUS OPERATIONAL SRL+33CUI/CNP9657315
+23SV74289614500:TO 4558
+61STR GARA HERASTRAU NR 4C BL+62 GREEN SC B ET 7 AP C 07000
:61:2104080409C17019,14NTRFNC2104090849160003
CA00000000371:FR 4559
:86:000+20Incasari card
+23CA00000000371:FR 4559
:61:2104080409D141,87NCOMNC2104090849160003
SV74289614500:TO 4559
:86:000+20Comision        +31RO89BRDE450SV74289614500
+32COLUMBUS OPERATIONAL SRL+33CUI/CNP9657315
+23SV74289614500:TO 4559
+61STR GARA HERASTRAU NR 4C BL+62 GREEN SC B ET 7 AP C 07000
:61:2104080409C24444,22NTRFNC2104090849160017
CA00000000550:FR 4560
:86:000+20Incasari card
+23CA00000000550:FR 4560
:61:2104080409D171,52NCOMNC2104090849160017
SV74289614500:TO 4560
:86:000+20Comision        +31RO89BRDE450SV74289614500
+32COLUMBUS OPERATIONAL SRL+33CUI/CNP9657315
+23SV74289614500:TO 4560
+61STR GARA HERASTRAU NR 4C BL+62 GREEN SC B ET 7 AP C 07000
:61:2104080409C25980,98NTRFNC2104090849160031
CA00000000371:FR 4562
:86:000+20Incasari card
+23CA00000000371:FR 4562
:61:2104080409D176,37NCOMNC2104090849160031
SV74289614500:TO 4562
:86:000+20Comision        +31RO89BRDE450SV74289614500
+32COLUMBUS OPERATIONAL SRL+33CUI/CNP9657315
+23SV74289614500:TO 4562
+61STR GARA HERASTRAU NR 4C BL+62 GREEN SC B ET 7 AP C 07000
:61:2104080409C9910,85NTRFNC2104090849170006
CA00000000258:FR 4563
:86:000+20Incasari card
+23CA00000000258:FR 4563
:61:2104080409D71,23NCOMNC2104090849170006
SV74289614500:TO 4563
:86:000+20Comision        +31RO89BRDE450SV74289614500
+32COLUMBUS OPERATIONAL SRL+33CUI/CNP9657315
+23SV74289614500:TO 4563
+61STR GARA HERASTRAU NR 4C BL+62 GREEN SC B ET 7 AP C 07000
:61:2104080409C12006,21NTRFNC2104090849170019
CA00000000312:FR 4564
:86:000+20Incasari card
+23CA00000000312:FR 4564
:61:2104080409D92,87NCOMNC2104090849170019
SV74289614500:TO 4564
:86:000+20Comision        +31RO89BRDE450SV74289614500
+32COLUMBUS OPERATIONAL SRL+33CUI/CNP9657315
+23SV74289614500:TO 4564
+61STR GARA HERASTRAU NR 4C BL+62 GREEN SC B ET 7 AP C 07000
:61:2104080409C24505,38NTRFNC2104090849170034
CA00000000338:FR 4565
:86:000+20Incasari card
+23CA00000000338:FR 4565
:61:2104080409D139,94NCOMNC2104090849170034
SV74289614500:TO 4565
:86:000+20Comision        +31RO89BRDE450SV74289614500
+32COLUMBUS OPERATIONAL SRL+33CUI/CNP9657315
+23SV74289614500:TO 4565
+61STR GARA HERASTRAU NR 4C BL+62 GREEN SC B ET 7 AP C 07000
:61:2104080409C12356,86NTRFNC2104090849180004
CA00000000305:FR 4566
:86:000+20Incasari card
+23CA00000000305:FR 4566
:61:2104080409D111,98NCOMNC2104090849180004
SV74289614500:TO 4566
:86:000+20Comision        +31RO89BRDE450SV74289614500
+32COLUMBUS OPERATIONAL SRL+33CUI/CNP9657315
+23SV74289614500:TO 4566
+61STR GARA HERASTRAU NR 4C BL+62 GREEN SC B ET 7 AP C 07000
:61:2104080409C17873,83NTRFNC2104090849180017
CA00000000439:FR 4567
:86:000+20Incasari card
+23CA00000000439:FR 4567
:61:2104080409D145,17NCOMNC2104090849180017
SV74289614500:TO 4567
:86:000+20Comision        +31RO89BRDE450SV74289614500
+32COLUMBUS OPERATIONAL SRL+33CUI/CNP9657315
+23SV74289614500:TO 4567
+61STR GARA HERASTRAU NR 4C BL+62 GREEN SC B ET 7 AP C 07000
:61:2104080409C23225,94NTRFNC2104090849180031
CA00000000368:FR 4568
:86:000+20Incasari card
+23CA00000000368:FR 4568
:61:2104080409D211,45NCOMNC2104090849180031
SV74289614500:TO 4568
:86:000+20Comision        +31RO89BRDE450SV74289614500
+32COLUMBUS OPERATIONAL SRL+33CUI/CNP9657315
+23SV74289614500:TO 4568
+61STR GARA HERASTRAU NR 4C BL+62 GREEN SC B ET 7 AP C 07000
:61:2104080409C19177,54NTRFNC2104090849180044
CA00000000498:FR 4569
:86:000+20Incasari card
+23CA00000000498:FR 4569
:61:2104080409D158,32NCOMNC2104090849180044
SV74289614500:TO 4569
:86:000+20Comision        +31RO89BRDE450SV74289614500
+32COLUMBUS OPERATIONAL SRL+33CUI/CNP9657315
+23SV74289614500:TO 4569
+61STR GARA HERASTRAU NR 4C BL+62 GREEN SC B ET 7 AP C 07000
:61:2104080409C9498,13NTRFNC2104090849190012
CA00000000320:FR 4570
:86:000+20Incasari card
+23CA00000000320:FR 4570
:61:2104080409D76,55NCOMNC2104090849190012
SV74289614500:TO 4570
:86:000+20Comision        +31RO89BRDE450SV74289614500
+32COLUMBUS OPERATIONAL SRL+33CUI/CNP9657315
+23SV74289614500:TO 4570
+61STR GARA HERASTRAU NR 4C BL+62 GREEN SC B ET 7 AP C 07000
:61:2104080409C8261,67NTRFNC2104090849190020
CA00000000398:FR 4571
:86:000+20Incasari card
+23CA00000000398:FR 4571
:61:2104080409D75,40NCOMNC2104090849190020
SV74289614500:TO 4571
:86:000+20Comision        +31RO89BRDE450SV74289614500
+32COLUMBUS OPERATIONAL SRL+33CUI/CNP9657315
+23SV74289614500:TO 4571
+61STR GARA HERASTRAU NR 4C BL+62 GREEN SC B ET 7 AP C 07000
:61:2104080409C17266,16NTRFNC2104090849190027
CA00000000250:FR 4573
:86:000+20Incasari card
+23CA00000000250:FR 4573
:61:2104080409D120,18NCOMNC2104090849190027
SV74289614500:TO 4573
:86:000+20Comision        +31RO89BRDE450SV74289614500
+32COLUMBUS OPERATIONAL SRL+33CUI/CNP9657315
+23SV74289614500:TO 4573
+61STR GARA HERASTRAU NR 4C BL+62 GREEN SC B ET 7 AP C 07000
:61:2104080409C12976,84NTRFNC2104090849200002
CA00000000342:FR 4574
:86:000+20Incasari card
+23CA00000000342:FR 4574
:61:2104080409D118,98NCOMNC2104090849200002
SV74289614500:TO 4574
:86:000+20Comision        +31RO89BRDE450SV74289614500
+32COLUMBUS OPERATIONAL SRL+33CUI/CNP9657315
+23SV74289614500:TO 4574
+61STR GARA HERASTRAU NR 4C BL+62 GREEN SC B ET 7 AP C 07000
:61:2104080409C8170,51NTRFNC2104090849200004
CA00000000231:FR 4577
:86:000+20Incasari card
+23CA00000000231:FR 4577
:61:2104080409D59,57NCOMNC2104090849200004
SV74289614500:TO 4577
:86:000+20Comision        +31RO89BRDE450SV74289614500
+32COLUMBUS OPERATIONAL SRL+33CUI/CNP9657315
+23SV74289614500:TO 4577
+61STR GARA HERASTRAU NR 4C BL+62 GREEN SC B ET 7 AP C 07000
:61:2104080409C29025,62NTRFNC2104090849200007
CA00000000566:FR 4578
:86:000+20Incasari card
+23CA00000000566:FR 4578
:61:2104080409D264,55NCOMNC2104090849200007
SV74289614500:TO 4578
:86:000+20Comision        +31RO89BRDE450SV74289614500
+32COLUMBUS OPERATIONAL SRL+33CUI/CNP9657315
+23SV74289614500:TO 4578
+61STR GARA HERASTRAU NR 4C BL+62 GREEN SC B ET 7 AP C 07000
:61:2104080409C18399,23NTRFNC2104090849210001
CA00000000300:FR 4579
:86:000+20Incasari card
+23CA00000000300:FR 4579
:61:2104080409D139,88NCOMNC2104090849210001
SV74289614500:TO 4579
:86:000+20Comision        +31RO89BRDE450SV74289614500
+32COLUMBUS OPERATIONAL SRL+33CUI/CNP9657315
+23SV74289614500:TO 4579
+61STR GARA HERASTRAU NR 4C BL+62 GREEN SC B ET 7 AP C 07000
:61:2104080409C10815,51NTRFNC2104090849210003
CA00000000354:FR 4580
:86:000+20Incasari card
+23CA00000000354:FR 4580
:61:2104080409D90,22NCOMNC2104090849210003
SV74289614500:TO 4580
:86:000+20Comision        +31RO89BRDE450SV74289614500
+32COLUMBUS OPERATIONAL SRL+33CUI/CNP9657315
+23SV74289614500:TO 4580
+61STR GARA HERASTRAU NR 4C BL+62 GREEN SC B ET 7 AP C 07000
:61:2104080409C7507,87NTRFNC2104090849210005
CA00000000232:FR 4581
:86:000+20Incasari card
+23CA00000000232:FR 4581
:61:2104080409D56,34NCOMNC2104090849210005
SV74289614500:TO 4581
:86:000+20Comision        +31RO89BRDE450SV74289614500
+32COLUMBUS OPERATIONAL SRL+33CUI/CNP9657315
+23SV74289614500:TO 4581
+61STR GARA HERASTRAU NR 4C BL+62 GREEN SC B ET 7 AP C 07000
:61:2104080409C24158,43NTRFNC2104090849210007
CA00000000529:FR 4582
:86:000+20Incasari card
+23CA00000000529:FR 4582
:61:2104080409D174,51NCOMNC2104090849210007
SV74289614500:TO 4582
:86:000+20Comision        +31RO89BRDE450SV74289614500
+32COLUMBUS OPERATIONAL SRL+33CUI/CNP9657315
+23SV74289614500:TO 4582
+61STR GARA HERASTRAU NR 4C BL+62 GREEN SC B ET 7 AP C 07000
:61:2104080409C10825,79NTRFNC2104090849220000
CA00000000221:FR 4584
:86:000+20Incasari card
+23CA00000000221:FR 4584
:61:2104080409D76,90NCOMNC2104090849220000
SV74289614500:TO 4584
:86:000+20Comision        +31RO89BRDE450SV74289614500
+32COLUMBUS OPERATIONAL SRL+33CUI/CNP9657315
+23SV74289614500:TO 4584
+61STR GARA HERASTRAU NR 4C BL+62 GREEN SC B ET 7 AP C 07000
:61:2104080409C16299,69NTRFNC2104090849220003
CA00000000337:FR 4585
:86:000+20Incasari card
+23CA00000000337:FR 4585
:61:2104080409D154,78NCOMNC2104090849220003
SV74289614500:TO 4585
:86:000+20Comision        +31RO89BRDE450SV74289614500
+32COLUMBUS OPERATIONAL SRL+33CUI/CNP9657315
+23SV74289614500:TO 4585
+61STR GARA HERASTRAU NR 4C BL+62 GREEN SC B ET 7 AP C 07000
:61:2104080409C13923,91NTRFNC2104090849220005
CA00000000261:FR 4586
:86:000+20Incasari card
+23CA00000000261:FR 4586
:61:2104080409D104,49NCOMNC2104090849220005
SV74289614500:TO 4586
:86:000+20Comision        +31RO89BRDE450SV74289614500
+32COLUMBUS OPERATIONAL SRL+33CUI/CNP9657315
+23SV74289614500:TO 4586
+61STR GARA HERASTRAU NR 4C BL+62 GREEN SC B ET 7 AP C 07000
:61:2104080409C11071,64NTRFNC2104090849220008
CA00000000293:FR 4587
:86:000+20Incasari card
+23CA00000000293:FR 4587
:61:2104080409D85,91NCOMNC2104090849220008
SV74289614500:TO 4587
:86:000+20Comision        +31RO89BRDE450SV74289614500
+32COLUMBUS OPERATIONAL SRL+33CUI/CNP9657315
+23SV74289614500:TO 4587
+61STR GARA HERASTRAU NR 4C BL+62 GREEN SC B ET 7 AP C 07000
:61:2104090409D2832,87NTRFNC2104091259570000
34GBP2020-1952 COMIS RISC PE UN AN
:86:000+20Plata
+2334GBP2020-1952 COMIS RISC P+24E UN AN
:61:2104090409D625,00NCOMNC2104091410500009
LG18998274500 34GBP2021-1908
:86:000+20ComAdminisCredit
+23LG18998274500 34GBP2021-190+248
:61:2104090409D2007,25NTRFNC2104091452540002
com emitere amendament 3 ref 34GBP2018-2066 FO PORTICO INV
:86:000+20Plata
+23com emitere amendament 3 re+24f 34GBP2018-2066 FO PORTICO
+25 INV
:62F:C210409RON25163953,33
:64:C210409RON75809053,33
:86:Credit neutilizat la 09/04/2021: 50645100,00 \
Sume blocate la 09/04/2021: 0,00

:20:4244500
:25:RO19BRDE450SA43680194500
:28:00100/140
:60F:C210410RON23042,87
:62F:C210410RON23042,87

:20:4244500
:25:RO55BRDE450SV00674084500
:28:00100/131
:60F:C210410EUR38128,28
:62F:C210410EUR38128,28
:64:C210410EUR38128,28
:86:Credit neutilizat la 10/04/2021: 0,00 \
Sume blocate la 10/04/2021: 0,00

:20:4244500
:25:RO21BRDE450SV00844514500
:28:00100/129
:60F:D210410USD0,00
:62F:D210410USD0,00
:64:C210410USD0,00
:86:Credit neutilizat la 10/04/2021: 0,00 \
Sume blocate la 10/04/2021: 0,00

:20:4244500
:25:RO74BRDE450SV00997684500
:28:00100/81
:60F:C210410RON17975600,81
:61:2104090410C94348,80NTRFNC2104100839580002
CA00000000001:FR 6003
:86:000+20Incasari card   
+23CA00000000001:FR 6003
:61:2104090410D1604,08NCOMNC2104100839580002
SV00997684500:TO 6003
:86:000+20Comision        +31RO74BRDE450SV00997684500
+32CARREFOUR ROMANIA SA+33CUI/CNP11588780
+23SV00997684500:TO 6003
+61STR GARA HERASTRAU NR 4C BL+62 GREEN SC B ET 4-7 070000 B
:61:2104090410C421679,04NTRFNC2104100839590000
CA00000000002:FR 6004
:86:000+20Incasari card   
+23CA00000000002:FR 6004
:61:2104090410D7885,70NCOMNC2104100839590000
SV00997684500:TO 6004
:86:000+20Comision        +31RO74BRDE450SV00997684500
+32CARREFOUR ROMANIA SA+33CUI/CNP11588780
+23SV00997684500:TO 6004
+61STR GARA HERASTRAU NR 4C BL+62 GREEN SC B ET 4-7 070000 B
:61:2104090410C88457,80NTRFNC2104100840010000
CA00000000001:FR 6005
:86:000+20Incasari card   
+23CA00000000001:FR 6005
:61:2104090410D1503,93NCOMNC2104100840010000
SV00997684500:TO 6005
:86:000+20Comision        +31RO74BRDE450SV00997684500
+32CARREFOUR ROMANIA SA+33CUI/CNP11588780
+23SV00997684500:TO 6005
+61STR GARA HERASTRAU NR 4C BL+62 GREEN SC B ET 4-7 070000 B
:61:2104090410C188643,02NTRFNC2104100840020000
CA00000002311:FR 6105
:86:000+20Incasari card   
+23CA00000002311:FR 6105
:61:2104090410D1862,10NCOMNC2104100840020000
SV00997684500:TO 6105
:86:000+20Comision        +31RO74BRDE450SV00997684500
+32CARREFOUR ROMANIA SA+33CUI/CNP11588780
+23SV00997684500:TO 6105
+61STR GARA HERASTRAU NR 4C BL+62 GREEN SC B ET 4-7 070000 B
:61:2104090410C123870,64NTRFNC2104100840030022
CA00000001404:FR 6110
:86:000+20Incasari card   
+23CA00000001404:FR 6110
:61:2104090410D1009,64NCOMNC2104100840030022
SV00997684500:TO 6110
:86:000+20Comision        +31RO74BRDE450SV00997684500
+32CARREFOUR ROMANIA SA+33CUI/CNP11588780
+23SV00997684500:TO 6110
+61STR GARA HERASTRAU NR 4C BL+62 GREEN SC B ET 4-7 070000 B
:61:2104090410C465512,40NTRFNC2104100840050000
CA00000002485:FR 6111
:86:000+20Incasari card   
+23CA00000002485:FR 6111
:61:2104090410D3429,18NCOMNC2104100840050000
SV00997684500:TO 6111
:86:000+20Comision        +31RO74BRDE450SV00997684500
+32CARREFOUR ROMANIA SA+33CUI/CNP11588780
+23SV00997684500:TO 6111
+61STR GARA HERASTRAU NR 4C BL+62 GREEN SC B ET 4-7 070000 B
:61:2104090410C239707,20NTRFNC2104100840070019
CA00000000004:FR 6148
:86:000+20Incasari card   
+23CA00000000004:FR 6148
:61:2104090410D4109,66NCOMNC2104100840070019
SV00997684500:TO 6148
:86:000+20Comision        +31RO74BRDE450SV00997684500
+32CARREFOUR ROMANIA SA+33CUI/CNP11588780
+23SV00997684500:TO 6148
+61STR GARA HERASTRAU NR 4C BL+62 GREEN SC B ET 4-7 070000 B
:61:2104090410C210474,45NTRFNC2104100840080000
CA00000001782:FR 6154
:86:000+20Incasari card   
+23CA00000001782:FR 6154
:61:2104090410D1307,07NCOMNC2104100840080000
SV00997684500:TO 6154
:86:000+20Comision        +31RO74BRDE450SV00997684500
+32CARREFOUR ROMANIA SA+33CUI/CNP11588780
+23SV00997684500:TO 6154
+61STR GARA HERASTRAU NR 4C BL+62 GREEN SC B ET 4-7 070000 B
:61:2104090410C129519,74NTRFNC2104100840100002
CA00000001343:FR 6155
:86:000+20Incasari card   
+23CA00000001343:FR 6155
:61:2104090410D906,77NCOMNC2104100840100002
SV00997684500:TO 6155
:86:000+20Comision        +31RO74BRDE450SV00997684500
+32CARREFOUR ROMANIA SA+33CUI/CNP11588780
+23SV00997684500:TO 6155
+61STR GARA HERASTRAU NR 4C BL+62 GREEN SC B ET 4-7 070000 B
:61:2104090410C2841,60NTRFNC2104100840110005
CA00000000001:FR 6157
:86:000+20Incasari card   
+23CA00000000001:FR 6157
:61:2104090410D47,04NCOMNC2104100840110005
SV00997684500:TO 6157
:86:000+20Comision        +31RO74BRDE450SV00997684500
+32CARREFOUR ROMANIA SA+33CUI/CNP11588780
+23SV00997684500:TO 6157
+61STR GARA HERASTRAU NR 4C BL+62 GREEN SC B ET 4-7 070000 B
:61:2104090410C47174,40NTRFNC2104100840120000
CA00000000001:FR 6158
:86:000+20Incasari card   
+23CA00000000001:FR 6158
:61:2104090410D764,38NCOMNC2104100840120000
SV00997684500:TO 6158
:86:000+20Comision        +31RO74BRDE450SV00997684500
+32CARREFOUR ROMANIA SA+33CUI/CNP11588780
+23SV00997684500:TO 6158
+61STR GARA HERASTRAU NR 4C BL+62 GREEN SC B ET 4-7 070000 B
:61:2104090410C84811,49NTRFNC2104100840130002
CA00000001074:FR 6164
:86:000+20Incasari card   
+23CA00000001074:FR 6164
:61:2104090410D571,21NCOMNC2104100840130002
SV00997684500:TO 6164
:86:000+20Comision        +31RO74BRDE450SV00997684500
+32CARREFOUR ROMANIA SA+33CUI/CNP11588780
+23SV00997684500:TO 6164
+61STR GARA HERASTRAU NR 4C BL+62 GREEN SC B ET 4-7 070000 B
:61:2104090410C450020,78NTRFNC2104100840150000
CA00000003365:FR 9109
:86:000+20Incasari card   
+23CA00000003365:FR 9109
:61:2104090410D3920,79NCOMNC2104100840150000
SV00997684500:TO 9109
:86:000+20Comision        +31RO74BRDE450SV00997684500
+32CARREFOUR ROMANIA SA+33CUI/CNP11588780
+23SV00997684500:TO 9109
+61STR GARA HERASTRAU NR 4C BL+62 GREEN SC B ET 4-7 070000 B
:61:2104090410C247556,34NTRFNC2104100840170000
CA00000002251:FR 9110
:86:000+20Incasari card   
+23CA00000002251:FR 9110
:61:2104090410D2066,85NCOMNC2104100840170000
SV00997684500:TO 9110
:86:000+20Comision        +31RO74BRDE450SV00997684500
+32CARREFOUR ROMANIA SA+33CUI/CNP11588780
+23SV00997684500:TO 9110
+61STR GARA HERASTRAU NR 4C BL+62 GREEN SC B ET 4-7 070000 B
:61:2104090410C436372,13NTRFNC2104100840180012
CA00000003634:FR 9112
:86:000+20Incasari card   
+23CA00000003634:FR 9112
:61:2104090410D4705,58NCOMNC2104100840180012
SV00997684500:TO 9112
:86:000+20Comision        +31RO74BRDE450SV00997684500
+32CARREFOUR ROMANIA SA+33CUI/CNP11588780
+23SV00997684500:TO 9112
+61STR GARA HERASTRAU NR 4C BL+62 GREEN SC B ET 4-7 070000 B
:61:2104090410C355657,85NTRFNC2104100840200000
CA00000002946:FR 9113
:86:000+20Incasari card   
+23CA00000002946:FR 9113
:61:2104090410D3008,32NCOMNC2104100840200000
SV00997684500:TO 9113
:86:000+20Comision        +31RO74BRDE450SV00997684500
+32CARREFOUR ROMANIA SA+33CUI/CNP11588780
+23SV00997684500:TO 9113
+61STR GARA HERASTRAU NR 4C BL+62 GREEN SC B ET 4-7 070000 B
:61:2104090410C196023,46NTRFNC2104100840220000
CA00000002172:FR 9137
:86:000+20Incasari card   
+23CA00000002172:FR 9137
:61:2104090410D1369,86NCOMNC2104100840220000
SV00997684500:TO 9137
:86:000+20Comision        +31RO74BRDE450SV00997684500
+32CARREFOUR ROMANIA SA+33CUI/CNP11588780
+23SV00997684500:TO 9137
+61STR GARA HERASTRAU NR 4C BL+62 GREEN SC B ET 4-7 070000 B
:61:2104090410C282928,38NTRFNC2104100840230000
CA00000002483:FR 9138
:86:000+20Incasari card   
+23CA00000002483:FR 9138
:61:2104090410D2935,27NCOMNC2104100840230000
SV00997684500:TO 9138
:86:000+20Comision        +31RO74BRDE450SV00997684500
+32CARREFOUR ROMANIA SA+33CUI/CNP11588780
+23SV00997684500:TO 9138
+61STR GARA HERASTRAU NR 4C BL+62 GREEN SC B ET 4-7 070000 B
:61:2104090410C257955,29NTRFNC2104100840250008
CA00000002562:FR 9139
:86:000+20Incasari card   
+23CA00000002562:FR 9139
:61:2104090410D2265,09NCOMNC2104100840250008
SV00997684500:TO 9139
:86:000+20Comision        +31RO74BRDE450SV00997684500
+32CARREFOUR ROMANIA SA+33CUI/CNP11588780
+23SV00997684500:TO 9139
+61STR GARA HERASTRAU NR 4C BL+62 GREEN SC B ET 4-7 070000 B
:61:2104090410C310465,89NTRFNC2104100840260000
CA00000001986:FR 9151
:86:000+20Incasari card   
+23CA00000001986:FR 9151
:61:2104090410D3242,80NCOMNC2104100840260000
SV00997684500:TO 9151
:86:000+20Comision        +31RO74BRDE450SV00997684500
+32CARREFOUR ROMANIA SA+33CUI/CNP11588780
+23SV00997684500:TO 9151
+61STR GARA HERASTRAU NR 4C BL+62 GREEN SC B ET 4-7 070000 B
:61:2104090410C679863,11NTRFNC2104100840280000
CA00000004772:FR 9152
:86:000+20Incasari card   
+23CA00000004772:FR 9152
:61:2104090410D5977,97NCOMNC2104100840280000
SV00997684500:TO 9152
:86:000+20Comision        +31RO74BRDE450SV00997684500
+32CARREFOUR ROMANIA SA+33CUI/CNP11588780
+23SV00997684500:TO 9152
+61STR GARA HERASTRAU NR 4C BL+62 GREEN SC B ET 4-7 070000 B
:61:2104090410C337242,87NTRFNC2104100840290000
CA00000002310:FR 9153
:86:000+20Incasari card   
+23CA00000002310:FR 9153
:61:2104090410D3279,04NCOMNC2104100840290000
SV00997684500:TO 9153
:86:000+20Comision        +31RO74BRDE450SV00997684500
+32CARREFOUR ROMANIA SA+33CUI/CNP11588780
+23SV00997684500:TO 9153
+61STR GARA HERASTRAU NR 4C BL+62 GREEN SC B ET 4-7 070000 B
:61:2104090410C640643,16NTRFNC2104100840310000
CA00000004193:FR 9155
:86:000+20Incasari card   
+23CA00000004193:FR 9155
:61:2104090410D5414,92NCOMNC2104100840310000
SV00997684500:TO 9155
:86:000+20Comision        +31RO74BRDE450SV00997684500
+32CARREFOUR ROMANIA SA+33CUI/CNP11588780
+23SV00997684500:TO 9155
+61STR GARA HERASTRAU NR 4C BL+62 GREEN SC B ET 4-7 070000 B
:61:2104090410C462945,55NTRFNC2104100840320015
CA00000003798:FR 9156
:86:000+20Incasari card   
+23CA00000003798:FR 9156
:61:2104090410D3512,30NCOMNC2104100840320015
SV00997684500:TO 9156
:86:000+20Comision        +31RO74BRDE450SV00997684500
+32CARREFOUR ROMANIA SA+33CUI/CNP11588780
+23SV00997684500:TO 9156
+61STR GARA HERASTRAU NR 4C BL+62 GREEN SC B ET 4-7 070000 B
:61:2104090410C413950,29NTRFNC2104100840330000
CA00000002914:FR 9157
:86:000+20Incasari card   
+23CA00000002914:FR 9157
:61:2104090410D2948,77NCOMNC2104100840330000
SV00997684500:TO 9157
:86:000+20Comision        +31RO74BRDE450SV00997684500
+32CARREFOUR ROMANIA SA+33CUI/CNP11588780
+23SV00997684500:TO 9157
+61STR GARA HERASTRAU NR 4C BL+62 GREEN SC B ET 4-7 070000 B
:61:2104090410C458237,69NTRFNC2104100840350000
CA00000004130:FR 9158
:86:000+20Incasari card   
+23CA00000004130:FR 9158
:61:2104090410D4103,63NCOMNC2104100840350000
SV00997684500:TO 9158
:86:000+20Comision        +31RO74BRDE450SV00997684500
+32CARREFOUR ROMANIA SA+33CUI/CNP11588780
+23SV00997684500:TO 9158
+61STR GARA HERASTRAU NR 4C BL+62 GREEN SC B ET 4-7 070000 B
:61:2104090410C373410,79NTRFNC2104100840360005
CA00000002582:FR 9160
:86:000+20Incasari card   
+23CA00000002582:FR 9160
:61:2104090410D2923,54NCOMNC2104100840360005
SV00997684500:TO 9160
:86:000+20Comision        +31RO74BRDE450SV00997684500
+32CARREFOUR ROMANIA SA+33CUI/CNP11588780
+23SV00997684500:TO 9160
+61STR GARA HERASTRAU NR 4C BL+62 GREEN SC B ET 4-7 070000 B
:61:2104090410C478943,32NTRFNC2104100840370000
CA00000003479:FR 9161
:86:000+20Incasari card   
+23CA00000003479:FR 9161
:61:2104090410D4114,32NCOMNC2104100840370000
SV00997684500:TO 9161
:86:000+20Comision        +31RO74BRDE450SV00997684500
+32CARREFOUR ROMANIA SA+33CUI/CNP11588780
+23SV00997684500:TO 9161
+61STR GARA HERASTRAU NR 4C BL+62 GREEN SC B ET 4-7 070000 B
:61:2104090410C338248,89NTRFNC2104100840380000
CA00000002347:FR 9164
:86:000+20Incasari card   
+23CA00000002347:FR 9164
:61:2104090410D2956,96NCOMNC2104100840380000
SV00997684500:TO 9164
:86:000+20Comision        +31RO74BRDE450SV00997684500
+32CARREFOUR ROMANIA SA+33CUI/CNP11588780
+23SV00997684500:TO 9164
+61STR GARA HERASTRAU NR 4C BL+62 GREEN SC B ET 4-7 070000 B
:61:2104090410C228980,66NTRFNC2104100840390013
CA00000002240:FR 9166
:86:000+20Incasari card   
+23CA00000002240:FR 9166
:61:2104090410D2663,63NCOMNC2104100840390013
SV00997684500:TO 9166
:86:000+20Comision        +31RO74BRDE450SV00997684500
+32CARREFOUR ROMANIA SA+33CUI/CNP11588780
+23SV00997684500:TO 9166
+61STR GARA HERASTRAU NR 4C BL+62 GREEN SC B ET 4-7 070000 B
:61:2104090410C399703,32NTRFNC2104100840400000
CA00000002894:FR 9167
:86:000+20Incasari card   
+23CA00000002894:FR 9167
:61:2104090410D2980,16NCOMNC2104100840400000
SV00997684500:TO 9167
:86:000+20Comision        +31RO74BRDE450SV00997684500
+32CARREFOUR ROMANIA SA+33CUI/CNP11588780
+23SV00997684500:TO 9167
+61STR GARA HERASTRAU NR 4C BL+62 GREEN SC B ET 4-7 070000 B
:61:2104090410C143477,14NTRFNC2104100840410000
CA00000001204:FR 9168
:86:000+20Incasari card   
+23CA00000001204:FR 9168
:61:2104090410D1056,51NCOMNC2104100840410000
SV00997684500:TO 9168
:86:000+20Comision        +31RO74BRDE450SV00997684500
+32CARREFOUR ROMANIA SA+33CUI/CNP11588780
+23SV00997684500:TO 9168
+61STR GARA HERASTRAU NR 4C BL+62 GREEN SC B ET 4-7 070000 B
:61:2104090410C235677,64NTRFNC2104100840420000
CA00000001910:FR 9170
:86:000+20Incasari card   
+23CA00000001910:FR 9170
:61:2104090410D1648,32NCOMNC2104100840420000
SV00997684500:TO 9170
:86:000+20Comision        +31RO74BRDE450SV00997684500
+32CARREFOUR ROMANIA SA+33CUI/CNP11588780
+23SV00997684500:TO 9170
+61STR GARA HERASTRAU NR 4C BL+62 GREEN SC B ET 4-7 070000 B
:61:2104090410C171605,06NTRFNC2104100840420007
CA00000001293:FR 9171
:86:000+20Incasari card   
+23CA00000001293:FR 9171
:61:2104090410D1344,21NCOMNC2104100840420007
SV00997684500:TO 9171
:86:000+20Comision        +31RO74BRDE450SV00997684500
+32CARREFOUR ROMANIA SA+33CUI/CNP11588780
+23SV00997684500:TO 9171
+61STR GARA HERASTRAU NR 4C BL+62 GREEN SC B ET 4-7 070000 B
:61:2104090410C238038,22NTRFNC2104100840430012
CA00000001950:FR 9173
:86:000+20Incasari card   
+23CA00000001950:FR 9173
:61:2104090410D1825,98NCOMNC2104100840430012
SV00997684500:TO 9173
:86:000+20Comision        +31RO74BRDE450SV00997684500
+32CARREFOUR ROMANIA SA+33CUI/CNP11588780
+23SV00997684500:TO 9173
+61STR GARA HERASTRAU NR 4C BL+62 GREEN SC B ET 4-7 070000 B
:61:2104090410C217275,62NTRFNC2104100840440000
CA00000001840:FR 9178
:86:000+20Incasari card   
+23CA00000001840:FR 9178
:61:2104090410D1520,70NCOMNC2104100840440000
SV00997684500:TO 9178
:86:000+20Comision        +31RO74BRDE450SV00997684500
+32CARREFOUR ROMANIA SA+33CUI/CNP11588780
+23SV00997684500:TO 9178
+61STR GARA HERASTRAU NR 4C BL+62 GREEN SC B ET 4-7 070000 B
:61:2104090410C302276,99NTRFNC2104100840450000
CA00000002389:FR 9180
:86:000+20Incasari card   
+23CA00000002389:FR 9180
:61:2104090410D2404,04NCOMNC2104100840450000
SV00997684500:TO 9180
:86:000+20Comision        +31RO74BRDE450SV00997684500
+32CARREFOUR ROMANIA SA+33CUI/CNP11588780
+23SV00997684500:TO 9180
+61STR GARA HERASTRAU NR 4C BL+62 GREEN SC B ET 4-7 070000 B
:61:2104090410C180130,93NTRFNC2104100840450001
CA00000001517:FR 9181
:86:000+20Incasari card   
+23CA00000001517:FR 9181
:61:2104090410D1467,39NCOMNC2104100840450001
SV00997684500:TO 9181
:86:000+20Comision        +31RO74BRDE450SV00997684500
+32CARREFOUR ROMANIA SA+33CUI/CNP11588780
+23SV00997684500:TO 9181
+61STR GARA HERASTRAU NR 4C BL+62 GREEN SC B ET 4-7 070000 B
:61:2104090410C188382,20NTRFNC2104100840460005
CA00000001969:FR 9184
:86:000+20Incasari card   
+23CA00000001969:FR 9184
:61:2104090410D1253,36NCOMNC2104100840460005
SV00997684500:TO 9184
:86:000+20Comision        +31RO74BRDE450SV00997684500
+32CARREFOUR ROMANIA SA+33CUI/CNP11588780
+23SV00997684500:TO 9184
+61STR GARA HERASTRAU NR 4C BL+62 GREEN SC B ET 4-7 070000 B
:61:2104090410C135731,44NTRFNC2104100840470000
CA00000001513:FR 9185
:86:000+20Incasari card   
+23CA00000001513:FR 9185
:61:2104090410D1005,44NCOMNC2104100840470000
SV00997684500:TO 9185
:86:000+20Comision        +31RO74BRDE450SV00997684500
+32CARREFOUR ROMANIA SA+33CUI/CNP11588780
+23SV00997684500:TO 9185
+61STR GARA HERASTRAU NR 4C BL+62 GREEN SC B ET 4-7 070000 B
:61:2104090410C217558,76NTRFNC2104100840470001
CA00000001756:FR 9187
:86:000+20Incasari card   
+23CA00000001756:FR 9187
:61:2104090410D1472,01NCOMNC2104100840470001
SV00997684500:TO 9187
:86:000+20Comision        +31RO74BRDE450SV00997684500
+32CARREFOUR ROMANIA SA+33CUI/CNP11588780
+23SV00997684500:TO 9187
+61STR GARA HERASTRAU NR 4C BL+62 GREEN SC B ET 4-7 070000 B
:61:2104090410C184987,01NTRFNC2104100840480000
CA00000001684:FR 9188
:86:000+20Incasari card   
+23CA00000001684:FR 9188
:61:2104090410D1253,93NCOMNC2104100840480000
SV00997684500:TO 9188
:86:000+20Comision        +31RO74BRDE450SV00997684500
+32CARREFOUR ROMANIA SA+33CUI/CNP11588780
+23SV00997684500:TO 9188
+61STR GARA HERASTRAU NR 4C BL+62 GREEN SC B ET 4-7 070000 B
:61:2104090410C278934,80NTRFNC2104100840480001
CA00000002367:FR 9189
:86:000+20Incasari card   
+23CA00000002367:FR 9189
:61:2104090410D2217,31NCOMNC2104100840480001
SV00997684500:TO 9189
:86:000+20Comision        +31RO74BRDE450SV00997684500
+32CARREFOUR ROMANIA SA+33CUI/CNP11588780
+23SV00997684500:TO 9189
+61STR GARA HERASTRAU NR 4C BL+62 GREEN SC B ET 4-7 070000 B
:61:2104090410C199949,75NTRFNC2104100840490000
CA00000001949:FR 9191
:86:000+20Incasari card   
+23CA00000001949:FR 9191
:61:2104090410D1442,23NCOMNC2104100840490000
SV00997684500:TO 9191
:86:000+20Comision        +31RO74BRDE450SV00997684500
+32CARREFOUR ROMANIA SA+33CUI/CNP11588780
+23SV00997684500:TO 9191
+61STR GARA HERASTRAU NR 4C BL+62 GREEN SC B ET 4-7 070000 B
:61:2104090410C431634,38NTRFNC2104100840490001
CA00000003260:FR 9193
:86:000+20Incasari card   
+23CA00000003260:FR 9193
:61:2104090410D4418,87NCOMNC2104100840490001
SV00997684500:TO 9193
:86:000+20Comision        +31RO74BRDE450SV00997684500
+32CARREFOUR ROMANIA SA+33CUI/CNP11588780
+23SV00997684500:TO 9193
+61STR GARA HERASTRAU NR 4C BL+62 GREEN SC B ET 4-7 070000 B
:61:2104090410C152555,89NTRFNC2104100840500008
CA00000001832:FR 9194
:86:000+20Incasari card   
+23CA00000001832:FR 9194
:61:2104090410D1252,83NCOMNC2104100840500008
SV00997684500:TO 9194
:86:000+20Comision        +31RO74BRDE450SV00997684500
+32CARREFOUR ROMANIA SA+33CUI/CNP11588780
+23SV00997684500:TO 9194
+61STR GARA HERASTRAU NR 4C BL+62 GREEN SC B ET 4-7 070000 B
:61:2104090410C199789,85NTRFNC2104100840500018
CA00000002055:FR 9197
:86:000+20Incasari card   
+23CA00000002055:FR 9197
:61:2104090410D1393,40NCOMNC2104100840500018
SV00997684500:TO 9197
:86:000+20Comision        +31RO74BRDE450SV00997684500
+32CARREFOUR ROMANIA SA+33CUI/CNP11588780
+23SV00997684500:TO 9197
+61STR GARA HERASTRAU NR 4C BL+62 GREEN SC B ET 4-7 070000 B
:62F:C210410RON30783429,75
:64:C210410RON215440629,75
:86:Credit neutilizat la 10/04/2021: 184657200,00 \
Sume blocate la 10/04/2021: 0,00

:20:4244500
:25:RO53BRDE450SV04646274500
:28:00100/95
:60F:D210410RON0,00
:62F:D210410RON0,00
:64:C210410RON0,00
:86:Credit neutilizat la 10/04/2021: 0,00 \
Sume blocate la 10/04/2021: 0,00

:20:4244500
:25:RO66BRDE450SV06011774500
:28:00100/99
:60F:C210410RON34355,02
:62F:C210410RON34355,02
:64:C210410RON34355,02
:86:Credit neutilizat la 10/04/2021: 0,00 \
Sume blocate la 10/04/2021: 0,00

:20:4244500
:25:RO93BRDE450SV06145094500
:28:00100/132
:60F:C210410EUR234046,63
:62F:C210410EUR234046,63
:64:C210410EUR234046,63
:86:Credit neutilizat la 10/04/2021: 0,00 \
Sume blocate la 10/04/2021: 0,00

:20:1119934500
:25:RO73BRDE450SV21500594500
:28:00100/1
:60F:C210410RON4040,74
:62F:C210410RON4040,74
:64:C210410RON4040,74
:86:Credit neutilizat la 10/04/2021: 0,00 \
Sume blocate la 10/04/2021: 0,00

:20:1088214500
:25:RO66BRDE450SV29412054500
:28:00100/1
:60F:C210410RON3796,31
:62F:C210410RON3796,31
:64:C210410RON3796,31
:86:Credit neutilizat la 10/04/2021: 0,00 \
Sume blocate la 10/04/2021: 0,00

:20:1096704500
:25:RO89BRDE450SV74289614500
:28:00100/1
:60F:C210410RON25163953,33
:61:2104090410C34923,49NTRFNC2104100843520002
CA00000000606:FR 4504
:86:000+20Incasari card
+23CA00000000606:FR 4504
:61:2104090410D275,12NCOMNC2104100843520002
SV74289614500:TO 4504
:86:000+20Comision        +31RO89BRDE450SV74289614500
+32COLUMBUS OPERATIONAL SRL+33CUI/CNP9657315
+23SV74289614500:TO 4504
+61STR GARA HERASTRAU NR 4C BL+62 GREEN SC B ET 7 AP C 07000
:61:2104090410C25837,87NTRFNC2104100843520003
CA00000000410:FR 4505
:86:000+20Incasari card
+23CA00000000410:FR 4505
:61:2104090410D208,35NCOMNC2104100843520003
SV74289614500:TO 4505
:86:000+20Comision        +31RO89BRDE450SV74289614500
+32COLUMBUS OPERATIONAL SRL+33CUI/CNP9657315
+23SV74289614500:TO 4505
+61STR GARA HERASTRAU NR 4C BL+62 GREEN SC B ET 7 AP C 07000
:61:2104090410C58509,65NTRFNC2104100843530019
CA00000000898:FR 4508
:86:000+20Incasari card
+23CA00000000898:FR 4508
:61:2104090410D398,57NCOMNC2104100843530019
SV74289614500:TO 4508
:86:000+20Comision        +31RO89BRDE450SV74289614500
+32COLUMBUS OPERATIONAL SRL+33CUI/CNP9657315
+23SV74289614500:TO 4508
+61STR GARA HERASTRAU NR 4C BL+62 GREEN SC B ET 7 AP C 07000
:61:2104090410C25747,45NTRFNC2104100843540000
CA00000000435:FR 4509
:86:000+20Incasari card
+23CA00000000435:FR 4509
:61:2104090410D171,82NCOMNC2104100843540000
SV74289614500:TO 4509
:86:000+20Comision        +31RO89BRDE450SV74289614500
+32COLUMBUS OPERATIONAL SRL+33CUI/CNP9657315
+23SV74289614500:TO 4509
+61STR GARA HERASTRAU NR 4C BL+62 GREEN SC B ET 7 AP C 07000
:61:2104090410C21219,65NTRFNC2104100843540003
CA00000000281:FR 4510
:86:000+20Incasari card
+23CA00000000281:FR 4510
:61:2104090410D149,88NCOMNC2104100843540003
SV74289614500:TO 4510
:86:000+20Comision        +31RO89BRDE450SV74289614500
+32COLUMBUS OPERATIONAL SRL+33CUI/CNP9657315
+23SV74289614500:TO 4510
+61STR GARA HERASTRAU NR 4C BL+62 GREEN SC B ET 7 AP C 07000
:61:2104090410C20903,64NTRFNC2104100843550000
CA00000000308:FR 4516
:86:000+20Incasari card
+23CA00000000308:FR 4516
:61:2104090410D159,83NCOMNC2104100843550000
SV74289614500:TO 4516
:86:000+20Comision        +31RO89BRDE450SV74289614500
+32COLUMBUS OPERATIONAL SRL+33CUI/CNP9657315
+23SV74289614500:TO 4516
+61STR GARA HERASTRAU NR 4C BL+62 GREEN SC B ET 7 AP C 07000
:61:2104090410C31480,61NTRFNC2104100843550001
CA00000000443:FR 4517
:86:000+20Incasari card
+23CA00000000443:FR 4517
:61:2104090410D258,53NCOMNC2104100843550001
SV74289614500:TO 4517
:86:000+20Comision        +31RO89BRDE450SV74289614500
+32COLUMBUS OPERATIONAL SRL+33CUI/CNP9657315
+23SV74289614500:TO 4517
+61STR GARA HERASTRAU NR 4C BL+62 GREEN SC B ET 7 AP C 07000
:61:2104090410C12454,16NTRFNC2104100843560000
CA00000000216:FR 4518
:86:000+20Incasari card
+23CA00000000216:FR 4518
:61:2104090410D84,32NCOMNC2104100843560000
SV74289614500:TO 4518
:86:000+20Comision        +31RO89BRDE450SV74289614500
+32COLUMBUS OPERATIONAL SRL+33CUI/CNP9657315
+23SV74289614500:TO 4518
+61STR GARA HERASTRAU NR 4C BL+62 GREEN SC B ET 7 AP C 07000
:61:2104090410C71066,19NTRFNC2104100843560016
CA00000001271:FR 4519
:86:000+20Incasari card
+23CA00000001271:FR 4519
:61:2104090410D504,10NCOMNC2104100843560016
SV74289614500:TO 4519
:86:000+20Comision        +31RO89BRDE450SV74289614500
+32COLUMBUS OPERATIONAL SRL+33CUI/CNP9657315
+23SV74289614500:TO 4519
+61STR GARA HERASTRAU NR 4C BL+62 GREEN SC B ET 7 AP C 07000
:61:2104090410C31015,49NTRFNC2104100843570002
CA00000000500:FR 4520
:86:000+20Incasari card
+23CA00000000500:FR 4520
:61:2104090410D242,37NCOMNC2104100843570002
SV74289614500:TO 4520
:86:000+20Comision        +31RO89BRDE450SV74289614500
+32COLUMBUS OPERATIONAL SRL+33CUI/CNP9657315
+23SV74289614500:TO 4520
+61STR GARA HERASTRAU NR 4C BL+62 GREEN SC B ET 7 AP C 07000
:61:2104090410C27279,20NTRFNC2104100843580000
CA00000000552:FR 4521
:86:000+20Incasari card
+23CA00000000552:FR 4521
:61:2104090410D255,36NCOMNC2104100843580000
SV74289614500:TO 4521
:86:000+20Comision        +31RO89BRDE450SV74289614500
+32COLUMBUS OPERATIONAL SRL+33CUI/CNP9657315
+23SV74289614500:TO 4521
+61STR GARA HERASTRAU NR 4C BL+62 GREEN SC B ET 7 AP C 07000
:61:2104090410C33779,99NTRFNC2104100843580001
CA00000000476:FR 4523
:86:000+20Incasari card
+23CA00000000476:FR 4523
:61:2104090410D310,12NCOMNC2104100843580001
SV74289614500:TO 4523
:86:000+20Comision        +31RO89BRDE450SV74289614500
+32COLUMBUS OPERATIONAL SRL+33CUI/CNP9657315
+23SV74289614500:TO 4523
+61STR GARA HERASTRAU NR 4C BL+62 GREEN SC B ET 7 AP C 07000
:61:2104090410C46590,42NTRFNC2104100843590000
CA00000000737:FR 4524
:86:000+20Incasari card
+23CA00000000737:FR 4524
:61:2104090410D337,22NCOMNC2104100843590000
SV74289614500:TO 4524
:86:000+20Comision        +31RO89BRDE450SV74289614500
+32COLUMBUS OPERATIONAL SRL+33CUI/CNP9657315
+23SV74289614500:TO 4524
+61STR GARA HERASTRAU NR 4C BL+62 GREEN SC B ET 7 AP C 07000
:61:2104090410C43252,04NTRFNC2104100843590001
CA00000000687:FR 4527
:86:000+20Incasari card
+23CA00000000687:FR 4527
:61:2104090410D413,98NCOMNC2104100843590001
SV74289614500:TO 4527
:86:000+20Comision        +31RO89BRDE450SV74289614500
+32COLUMBUS OPERATIONAL SRL+33CUI/CNP9657315
+23SV74289614500:TO 4527
+61STR GARA HERASTRAU NR 4C BL+62 GREEN SC B ET 7 AP C 07000
:61:2104090410C95041,25NTRFNC2104100844000004
CA00000001203:FR 4528
:86:000+20Incasari card
+23CA00000001203:FR 4528
:61:2104090410D761,16NCOMNC2104100844000004
SV74289614500:TO 4528
:86:000+20Comision        +31RO89BRDE450SV74289614500
+32COLUMBUS OPERATIONAL SRL+33CUI/CNP9657315
+23SV74289614500:TO 4528
+61STR GARA HERASTRAU NR 4C BL+62 GREEN SC B ET 7 AP C 07000
:61:2104090410C32391,90NTRFNC2104100844000023
CA00000000483:FR 4530
:86:000+20Incasari card
+23CA00000000483:FR 4530
:61:2104090410D204,60NCOMNC2104100844000023
SV74289614500:TO 4530
:86:000+20Comision        +31RO89BRDE450SV74289614500
+32COLUMBUS OPERATIONAL SRL+33CUI/CNP9657315
+23SV74289614500:TO 4530
+61STR GARA HERASTRAU NR 4C BL+62 GREEN SC B ET 7 AP C 07000
:61:2104090410C11654,16NTRFNC2104100844010000
CA00000000286:FR 4531
:86:000+20Incasari card
+23CA00000000286:FR 4531
:61:2104090410D105,18NCOMNC2104100844010000
SV74289614500:TO 4531
:86:000+20Comision        +31RO89BRDE450SV74289614500
+32COLUMBUS OPERATIONAL SRL+33CUI/CNP9657315
+23SV74289614500:TO 4531
+61STR GARA HERASTRAU NR 4C BL+62 GREEN SC B ET 7 AP C 07000
:61:2104090410C8119,23NTRFNC2104100844010001
CA00000000205:FR 4532
:86:000+20Incasari card
+23CA00000000205:FR 4532
:61:2104090410D82,83NCOMNC2104100844010001
SV74289614500:TO 4532
:86:000+20Comision        +31RO89BRDE450SV74289614500
+32COLUMBUS OPERATIONAL SRL+33CUI/CNP9657315
+23SV74289614500:TO 4532
+61STR GARA HERASTRAU NR 4C BL+62 GREEN SC B ET 7 AP C 07000
:61:2104090410C13527,81NTRFNC2104100844020000
CA00000000273:FR 4534
:86:000+20Incasari card
+23CA00000000273:FR 4534
:61:2104090410D107,33NCOMNC2104100844020000
SV74289614500:TO 4534
:86:000+20Comision        +31RO89BRDE450SV74289614500
+32COLUMBUS OPERATIONAL SRL+33CUI/CNP9657315
+23SV74289614500:TO 4534
+61STR GARA HERASTRAU NR 4C BL+62 GREEN SC B ET 7 AP C 07000
:61:2104090410C16833,45NTRFNC2104100844020001
CA00000000288:FR 4536
:86:000+20Incasari card
+23CA00000000288:FR 4536
:61:2104090410D154,36NCOMNC2104100844020001
SV74289614500:TO 4536
:86:000+20Comision        +31RO89BRDE450SV74289614500
+32COLUMBUS OPERATIONAL SRL+33CUI/CNP9657315
+23SV74289614500:TO 4536
+61STR GARA HERASTRAU NR 4C BL+62 GREEN SC B ET 7 AP C 07000
:61:2104090410C24052,11NTRFNC2104100844030000
CA00000000476:FR 4538
:86:000+20Incasari card
+23CA00000000476:FR 4538
:61:2104090410D248,57NCOMNC2104100844030000
SV74289614500:TO 4538
:86:000+20Comision        +31RO89BRDE450SV74289614500
+32COLUMBUS OPERATIONAL SRL+33CUI/CNP9657315
+23SV74289614500:TO 4538
+61STR GARA HERASTRAU NR 4C BL+62 GREEN SC B ET 7 AP C 07000
:61:2104090410C22011,20NTRFNC2104100844030003
CA00000000587:FR 4540
:86:000+20Incasari card
+23CA00000000587:FR 4540
:61:2104090410D206,43NCOMNC2104100844030003
SV74289614500:TO 4540
:86:000+20Comision        +31RO89BRDE450SV74289614500
+32COLUMBUS OPERATIONAL SRL+33CUI/CNP9657315
+23SV74289614500:TO 4540
+61STR GARA HERASTRAU NR 4C BL+62 GREEN SC B ET 7 AP C 07000
:61:2104090410C30386,39NTRFNC2104100844040003
CA00000000413:FR 4541
:86:000+20Incasari card
+23CA00000000413:FR 4541
:61:2104090410D170,41NCOMNC2104100844040003
SV74289614500:TO 4541
:86:000+20Comision        +31RO89BRDE450SV74289614500
+32COLUMBUS OPERATIONAL SRL+33CUI/CNP9657315
+23SV74289614500:TO 4541
+61STR GARA HERASTRAU NR 4C BL+62 GREEN SC B ET 7 AP C 07000
:61:2104090410C15390,62NTRFNC2104100844040013
CA00000000408:FR 4542
:86:000+20Incasari card
+23CA00000000408:FR 4542
:61:2104090410D128,09NCOMNC2104100844040013
SV74289614500:TO 4542
:86:000+20Comision        +31RO89BRDE450SV74289614500
+32COLUMBUS OPERATIONAL SRL+33CUI/CNP9657315
+23SV74289614500:TO 4542
+61STR GARA HERASTRAU NR 4C BL+62 GREEN SC B ET 7 AP C 07000
:61:2104090410C13423,25NTRFNC2104100844050000
CA00000000384:FR 4543
:86:000+20Incasari card
+23CA00000000384:FR 4543
:61:2104090410D143,85NCOMNC2104100844050000
SV74289614500:TO 4543
:86:000+20Comision        +31RO89BRDE450SV74289614500
+32COLUMBUS OPERATIONAL SRL+33CUI/CNP9657315
+23SV74289614500:TO 4543
+61STR GARA HERASTRAU NR 4C BL+62 GREEN SC B ET 7 AP C 07000
:61:2104090410C22369,34NTRFNC2104100844050001
CA00000000408:FR 4545
:86:000+20Incasari card
+23CA00000000408:FR 4545
:61:2104090410D153,27NCOMNC2104100844050001
SV74289614500:TO 4545
:86:000+20Comision        +31RO89BRDE450SV74289614500
+32COLUMBUS OPERATIONAL SRL+33CUI/CNP9657315
+23SV74289614500:TO 4545
+61STR GARA HERASTRAU NR 4C BL+62 GREEN SC B ET 7 AP C 07000
:61:2104090410C33483,51NTRFNC2104100844060000
CA00000000429:FR 4546
:86:000+20Incasari card
+23CA00000000429:FR 4546
:61:2104090410D290,62NCOMNC2104100844060000
SV74289614500:TO 4546
:86:000+20Comision        +31RO89BRDE450SV74289614500
+32COLUMBUS OPERATIONAL SRL+33CUI/CNP9657315
+23SV74289614500:TO 4546
+61STR GARA HERASTRAU NR 4C BL+62 GREEN SC B ET 7 AP C 07000
:61:2104090410C12634,94NTRFNC2104100844060003
CA00000000260:FR 4547
:86:000+20Incasari card
+23CA00000000260:FR 4547
:61:2104090410D94,55NCOMNC2104100844060003
SV74289614500:TO 4547
:86:000+20Comision        +31RO89BRDE450SV74289614500
+32COLUMBUS OPERATIONAL SRL+33CUI/CNP9657315
+23SV74289614500:TO 4547
+61STR GARA HERASTRAU NR 4C BL+62 GREEN SC B ET 7 AP C 07000
:61:2104090410C31929,52NTRFNC2104100844060004
CA00000000579:FR 4550
:86:000+20Incasari card
+23CA00000000579:FR 4550
:61:2104090410D201,46NCOMNC2104100844060004
SV74289614500:TO 4550
:86:000+20Comision        +31RO89BRDE450SV74289614500
+32COLUMBUS OPERATIONAL SRL+33CUI/CNP9657315
+23SV74289614500:TO 4550
+61STR GARA HERASTRAU NR 4C BL+62 GREEN SC B ET 7 AP C 07000
:61:2104090410C19260,53NTRFNC2104100844070000
CA00000000359:FR 4551
:86:000+20Incasari card
+23CA00000000359:FR 4551
:61:2104090410D137,29NCOMNC2104100844070000
SV74289614500:TO 4551
:86:000+20Comision        +31RO89BRDE450SV74289614500
+32COLUMBUS OPERATIONAL SRL+33CUI/CNP9657315
+23SV74289614500:TO 4551
+61STR GARA HERASTRAU NR 4C BL+62 GREEN SC B ET 7 AP C 07000
:61:2104090410C38591,15NTRFNC2104100844070010
CA00000000972:FR 4552
:86:000+20Incasari card
+23CA00000000972:FR 4552
:61:2104090410D291,64NCOMNC2104100844070010
SV74289614500:TO 4552
:86:000+20Comision        +31RO89BRDE450SV74289614500
+32COLUMBUS OPERATIONAL SRL+33CUI/CNP9657315
+23SV74289614500:TO 4552
+61STR GARA HERASTRAU NR 4C BL+62 GREEN SC B ET 7 AP C 07000
:61:2104090410C20145,21NTRFNC2104100844080005
CA00000000400:FR 4553
:86:000+20Incasari card
+23CA00000000400:FR 4553
:61:2104090410D156,34NCOMNC2104100844080005
SV74289614500:TO 4553
:86:000+20Comision        +31RO89BRDE450SV74289614500
+32COLUMBUS OPERATIONAL SRL+33CUI/CNP9657315
+23SV74289614500:TO 4553
+61STR GARA HERASTRAU NR 4C BL+62 GREEN SC B ET 7 AP C 07000
:61:2104090410C12826,65NTRFNC2104100844080006
CA00000000265:FR 4554
:86:000+20Incasari card
+23CA00000000265:FR 4554
:61:2104090410D93,45NCOMNC2104100844080006
SV74289614500:TO 4554
:86:000+20Comision        +31RO89BRDE450SV74289614500
+32COLUMBUS OPERATIONAL SRL+33CUI/CNP9657315
+23SV74289614500:TO 4554
+61STR GARA HERASTRAU NR 4C BL+62 GREEN SC B ET 7 AP C 07000
:61:2104090410C10489,81NTRFNC2104100844090000
CA00000000484:FR 4556
:86:000+20Incasari card
+23CA00000000484:FR 4556
:61:2104090410D90,02NCOMNC2104100844090000
SV74289614500:TO 4556
:86:000+20Comision        +31RO89BRDE450SV74289614500
+32COLUMBUS OPERATIONAL SRL+33CUI/CNP9657315
+23SV74289614500:TO 4556
+61STR GARA HERASTRAU NR 4C BL+62 GREEN SC B ET 7 AP C 07000
:61:2104090410C9657,28NTRFNC2104100844090001
CA00000000258:FR 4557
:86:000+20Incasari card
+23CA00000000258:FR 4557
:61:2104090410D99,65NCOMNC2104100844090001
SV74289614500:TO 4557
:86:000+20Comision        +31RO89BRDE450SV74289614500
+32COLUMBUS OPERATIONAL SRL+33CUI/CNP9657315
+23SV74289614500:TO 4557
+61STR GARA HERASTRAU NR 4C BL+62 GREEN SC B ET 7 AP C 07000
:61:2104090410C23400,97NTRFNC2104100844090004
CA00000000711:FR 4558
:86:000+20Incasari card
+23CA00000000711:FR 4558
:61:2104090410D157,28NCOMNC2104100844090004
SV74289614500:TO 4558
:86:000+20Comision        +31RO89BRDE450SV74289614500
+32COLUMBUS OPERATIONAL SRL+33CUI/CNP9657315
+23SV74289614500:TO 4558
+61STR GARA HERASTRAU NR 4C BL+62 GREEN SC B ET 7 AP C 07000
:61:2104090410C17618,48NTRFNC2104100844100000
CA00000000391:FR 4559
:86:000+20Incasari card
+23CA00000000391:FR 4559
:61:2104090410D150,77NCOMNC2104100844100000
SV74289614500:TO 4559
:86:000+20Comision        +31RO89BRDE450SV74289614500
+32COLUMBUS OPERATIONAL SRL+33CUI/CNP9657315
+23SV74289614500:TO 4559
+61STR GARA HERASTRAU NR 4C BL+62 GREEN SC B ET 7 AP C 07000
:61:2104090410C29881,79NTRFNC2104100844100001
CA00000000623:FR 4560
:86:000+20Incasari card
+23CA00000000623:FR 4560
:61:2104090410D205,78NCOMNC2104100844100001
SV74289614500:TO 4560
:86:000+20Comision        +31RO89BRDE450SV74289614500
+32COLUMBUS OPERATIONAL SRL+33CUI/CNP9657315
+23SV74289614500:TO 4560
+61STR GARA HERASTRAU NR 4C BL+62 GREEN SC B ET 7 AP C 07000
:61:2104090410C22526,92NTRFNC2104100844100002
CA00000000326:FR 4562
:86:000+20Incasari card
+23CA00000000326:FR 4562
:61:2104090410D147,67NCOMNC2104100844100002
SV74289614500:TO 4562
:86:000+20Comision        +31RO89BRDE450SV74289614500
+32COLUMBUS OPERATIONAL SRL+33CUI/CNP9657315
+23SV74289614500:TO 4562
+61STR GARA HERASTRAU NR 4C BL+62 GREEN SC B ET 7 AP C 07000
:61:2104090410C10331,17NTRFNC2104100844110000
CA00000000242:FR 4563
:86:000+20Incasari card
+23CA00000000242:FR 4563
:61:2104090410D75,67NCOMNC2104100844110000
SV74289614500:TO 4563
:86:000+20Comision        +31RO89BRDE450SV74289614500
+32COLUMBUS OPERATIONAL SRL+33CUI/CNP9657315
+23SV74289614500:TO 4563
+61STR GARA HERASTRAU NR 4C BL+62 GREEN SC B ET 7 AP C 07000
:61:2104090410C10612,34NTRFNC2104100844110006
CA00000000235:FR 4564
:86:000+20Incasari card
+23CA00000000235:FR 4564
:61:2104090410D72,69NCOMNC2104100844110006
SV74289614500:TO 4564
:86:000+20Comision        +31RO89BRDE450SV74289614500
+32COLUMBUS OPERATIONAL SRL+33CUI/CNP9657315
+23SV74289614500:TO 4564
+61STR GARA HERASTRAU NR 4C BL+62 GREEN SC B ET 7 AP C 07000
:61:2104090410C25372,66NTRFNC2104100844110017
CA00000000372:FR 4565
:86:000+20Incasari card
+23CA00000000372:FR 4565
:61:2104090410D153,61NCOMNC2104100844110017
SV74289614500:TO 4565
:86:000+20Comision        +31RO89BRDE450SV74289614500
+32COLUMBUS OPERATIONAL SRL+33CUI/CNP9657315
+23SV74289614500:TO 4565
+61STR GARA HERASTRAU NR 4C BL+62 GREEN SC B ET 7 AP C 07000
:61:2104090410C11196,08NTRFNC2104100844110023
CA00000000258:FR 4566
:86:000+20Incasari card
+23CA00000000258:FR 4566
:61:2104090410D94,29NCOMNC2104100844110023
SV74289614500:TO 4566
:86:000+20Comision        +31RO89BRDE450SV74289614500
+32COLUMBUS OPERATIONAL SRL+33CUI/CNP9657315
+23SV74289614500:TO 4566
+61STR GARA HERASTRAU NR 4C BL+62 GREEN SC B ET 7 AP C 07000
:61:2104090410C15808,09NTRFNC2104100844120000
CA00000000367:FR 4567
:86:000+20Incasari card
+23CA00000000367:FR 4567
:61:2104090410D124,27NCOMNC2104100844120000
SV74289614500:TO 4567
:86:000+20Comision        +31RO89BRDE450SV74289614500
+32COLUMBUS OPERATIONAL SRL+33CUI/CNP9657315
+23SV74289614500:TO 4567
+61STR GARA HERASTRAU NR 4C BL+62 GREEN SC B ET 7 AP C 07000
:61:2104090410C20427,15NTRFNC2104100844120001
CA00000000347:FR 4568
:86:000+20Incasari card
+23CA00000000347:FR 4568
:61:2104090410D191,60NCOMNC2104100844120001
SV74289614500:TO 4568
:86:000+20Comision        +31RO89BRDE450SV74289614500
+32COLUMBUS OPERATIONAL SRL+33CUI/CNP9657315
+23SV74289614500:TO 4568
+61STR GARA HERASTRAU NR 4C BL+62 GREEN SC B ET 7 AP C 07000
:61:2104090410C20360,85NTRFNC2104100844120004
CA00000000555:FR 4569
:86:000+20Incasari card
+23CA00000000555:FR 4569
:61:2104090410D185,30NCOMNC2104100844120004
SV74289614500:TO 4569
:86:000+20Comision        +31RO89BRDE450SV74289614500
+32COLUMBUS OPERATIONAL SRL+33CUI/CNP9657315
+23SV74289614500:TO 4569
+61STR GARA HERASTRAU NR 4C BL+62 GREEN SC B ET 7 AP C 07000
:61:2104090410C10174,53NTRFNC2104100844120005
CA00000000325:FR 4570
:86:000+20Incasari card
+23CA00000000325:FR 4570
:61:2104090410D77,33NCOMNC2104100844120005
SV74289614500:TO 4570
:86:000+20Comision        +31RO89BRDE450SV74289614500
+32COLUMBUS OPERATIONAL SRL+33CUI/CNP9657315
+23SV74289614500:TO 4570
+61STR GARA HERASTRAU NR 4C BL+62 GREEN SC B ET 7 AP C 07000
:61:2104090410C13289,51NTRFNC2104100844130000
CA00000000492:FR 4571
:86:000+20Incasari card
+23CA00000000492:FR 4571
:61:2104090410D110,50NCOMNC2104100844130000
SV74289614500:TO 4571
:86:000+20Comision        +31RO89BRDE450SV74289614500
+32COLUMBUS OPERATIONAL SRL+33CUI/CNP9657315
+23SV74289614500:TO 4571
+61STR GARA HERASTRAU NR 4C BL+62 GREEN SC B ET 7 AP C 07000
:61:2104090410C23278,88NTRFNC2104100844130001
CA00000000283:FR 4573
:86:000+20Incasari card
+23CA00000000283:FR 4573
:61:2104090410D175,66NCOMNC2104100844130001
SV74289614500:TO 4573
:86:000+20Comision        +31RO89BRDE450SV74289614500
+32COLUMBUS OPERATIONAL SRL+33CUI/CNP9657315
+23SV74289614500:TO 4573
+61STR GARA HERASTRAU NR 4C BL+62 GREEN SC B ET 7 AP C 07000
:61:2104090410C15262,14NTRFNC2104100844130002
CA00000000400:FR 4574
:86:000+20Incasari card
+23CA00000000400:FR 4574
:61:2104090410D144,84NCOMNC2104100844130002
SV74289614500:TO 4574
:86:000+20Comision        +31RO89BRDE450SV74289614500
+32COLUMBUS OPERATIONAL SRL+33CUI/CNP9657315
+23SV74289614500:TO 4574
+61STR GARA HERASTRAU NR 4C BL+62 GREEN SC B ET 7 AP C 07000
:61:2104090410C9240,06NTRFNC2104100844130003
CA00000000251:FR 4577
:86:000+20Incasari card
+23CA00000000251:FR 4577
:61:2104090410D73,27NCOMNC2104100844130003
SV74289614500:TO 4577
:86:000+20Comision        +31RO89BRDE450SV74289614500
+32COLUMBUS OPERATIONAL SRL+33CUI/CNP9657315
+23SV74289614500:TO 4577
+61STR GARA HERASTRAU NR 4C BL+62 GREEN SC B ET 7 AP C 07000
:61:2104090410C37045,79NTRFNC2104100844140000
CA00000000633:FR 4578
:86:000+20Incasari card
+23CA00000000633:FR 4578
:61:2104090410D367,52NCOMNC2104100844140000
SV74289614500:TO 4578
:86:000+20Comision        +31RO89BRDE450SV74289614500
+32COLUMBUS OPERATIONAL SRL+33CUI/CNP9657315
+23SV74289614500:TO 4578
+61STR GARA HERASTRAU NR 4C BL+62 GREEN SC B ET 7 AP C 07000
:61:2104090410C20501,23NTRFNC2104100844140001
CA00000000286:FR 4579
:86:000+20Incasari card
+23CA00000000286:FR 4579
:61:2104090410D147,91NCOMNC2104100844140001
SV74289614500:TO 4579
:86:000+20Comision        +31RO89BRDE450SV74289614500
+32COLUMBUS OPERATIONAL SRL+33CUI/CNP9657315
+23SV74289614500:TO 4579
+61STR GARA HERASTRAU NR 4C BL+62 GREEN SC B ET 7 AP C 07000
:61:2104090410C13846,16NTRFNC2104100844140002
CA00000000378:FR 4580
:86:000+20Incasari card
+23CA00000000378:FR 4580
:61:2104090410D118,57NCOMNC2104100844140002
SV74289614500:TO 4580
:86:000+20Comision        +31RO89BRDE450SV74289614500
+32COLUMBUS OPERATIONAL SRL+33CUI/CNP9657315
+23SV74289614500:TO 4580
+61STR GARA HERASTRAU NR 4C BL+62 GREEN SC B ET 7 AP C 07000
:61:2104090410C6419,36NTRFNC2104100844140003
CA00000000224:FR 4581
:86:000+20Incasari card
+23CA00000000224:FR 4581
:61:2104090410D48,17NCOMNC2104100844140003
SV74289614500:TO 4581
:86:000+20Comision        +31RO89BRDE450SV74289614500
+32COLUMBUS OPERATIONAL SRL+33CUI/CNP9657315
+23SV74289614500:TO 4581
+61STR GARA HERASTRAU NR 4C BL+62 GREEN SC B ET 7 AP C 07000
:61:2104090410C25442,53NTRFNC2104100844140009
CA00000000510:FR 4582
:86:000+20Incasari card
+23CA00000000510:FR 4582
:61:2104090410D187,60NCOMNC2104100844140009
SV74289614500:TO 4582
:86:000+20Comision        +31RO89BRDE450SV74289614500
+32COLUMBUS OPERATIONAL SRL+33CUI/CNP9657315
+23SV74289614500:TO 4582
+61STR GARA HERASTRAU NR 4C BL+62 GREEN SC B ET 7 AP C 07000
:61:2104090410C13062,76NTRFNC2104100844150000
CA00000000278:FR 4584
:86:000+20Incasari card
+23CA00000000278:FR 4584
:61:2104090410D94,87NCOMNC2104100844150000
SV74289614500:TO 4584
:86:000+20Comision        +31RO89BRDE450SV74289614500
+32COLUMBUS OPERATIONAL SRL+33CUI/CNP9657315
+23SV74289614500:TO 4584
+61STR GARA HERASTRAU NR 4C BL+62 GREEN SC B ET 7 AP C 07000
:61:2104090410C15303,73NTRFNC2104100844150010
CA00000000303:FR 4585
:86:000+20Incasari card
+23CA00000000303:FR 4585
:61:2104090410D149,51NCOMNC2104100844150010
SV74289614500:TO 4585
:86:000+20Comision        +31RO89BRDE450SV74289614500
+32COLUMBUS OPERATIONAL SRL+33CUI/CNP9657315
+23SV74289614500:TO 4585
+61STR GARA HERASTRAU NR 4C BL+62 GREEN SC B ET 7 AP C 07000
:61:2104090410C10054,93NTRFNC2104100844150011
CA00000000198:FR 4586
:86:000+20Incasari card
+23CA00000000198:FR 4586
:61:2104090410D67,70NCOMNC2104100844150011
SV74289614500:TO 4586
:86:000+20Comision        +31RO89BRDE450SV74289614500
+32COLUMBUS OPERATIONAL SRL+33CUI/CNP9657315
+23SV74289614500:TO 4586
+61STR GARA HERASTRAU NR 4C BL+62 GREEN SC B ET 7 AP C 07000
:61:2104090410C11313,99NTRFNC2104100844150012
CA00000000294:FR 4587
:86:000+20Incasari card
+23CA00000000294:FR 4587
:61:2104090410D86,11NCOMNC2104100844150012
SV74289614500:TO 4587
:86:000+20Comision        +31RO89BRDE450SV74289614500
+32COLUMBUS OPERATIONAL SRL+33CUI/CNP9657315
+23SV74289614500:TO 4587
+61STR GARA HERASTRAU NR 4C BL+62 GREEN SC B ET 7 AP C 07000
:62F:C210410RON26562905,43
:64:C210410RON77208005,43
:86:Credit neutilizat la 10/04/2021: 50645100,00 \
Sume blocate la 10/04/2021: 0,00

:20:4244500
:25:RO19BRDE450SA43680194500
:28:00101/140
:60F:C210411RON23042,87
:62F:C210411RON23042,87

:20:4244500
:25:RO55BRDE450SV00674084500
:28:00101/131
:60F:C210411EUR38128,28
:62F:C210411EUR38128,28
:64:C210411EUR38128,28
:86:Credit neutilizat la 11/04/2021: 0,00 \
Sume blocate la 11/04/2021: 0,00

:20:4244500
:25:RO21BRDE450SV00844514500
:28:00101/129
:60F:D210411USD0,00
:61:2104120411C1,17NINTNC2104120018200013
TD-19006994500
:86:000+20TransCr-Inc.Incd
+23TD-19006994500
:62F:C210411USD1,17
:64:C210411USD1,17
:86:Credit neutilizat la 11/04/2021: 0,00 \
Sume blocate la 11/04/2021: 0,00

:20:4244500
:25:RO74BRDE450SV00997684500
:28:00101/81
:60F:C210411RON30783429,75
:61:2104100411C205039,00NTRFNC2104110832390014
CA00000002255:FR 6105
:86:000+20Incasari card   
+23CA00000002255:FR 6105
:61:2104100411D2020,83NCOMNC2104110832390014
SV00997684500:TO 6105
:86:000+20Comision        +31RO74BRDE450SV00997684500
+32CARREFOUR ROMANIA SA+33CUI/CNP11588780
+23SV00997684500:TO 6105
+61STR GARA HERASTRAU NR 4C BL+62 GREEN SC B ET 4-7 070000 B
:61:2104100411C137493,14NTRFNC2104110832410000
CA00000001408:FR 6110
:86:000+20Incasari card   
+23CA00000001408:FR 6110
:61:2104100411D1073,12NCOMNC2104110832410000
SV00997684500:TO 6110
:86:000+20Comision        +31RO74BRDE450SV00997684500
+32CARREFOUR ROMANIA SA+33CUI/CNP11588780
+23SV00997684500:TO 6110
+61STR GARA HERASTRAU NR 4C BL+62 GREEN SC B ET 4-7 070000 B
:61:2104100411C614531,96NTRFNC2104110832440000
CA00000003040:FR 6111
:86:000+20Incasari card   
+23CA00000003040:FR 6111
:61:2104100411D4416,35NCOMNC2104110832440000
SV00997684500:TO 6111
:86:000+20Comision        +31RO74BRDE450SV00997684500
+32CARREFOUR ROMANIA SA+33CUI/CNP11588780
+23SV00997684500:TO 6111
+61STR GARA HERASTRAU NR 4C BL+62 GREEN SC B ET 4-7 070000 B
:61:2104100411C241652,51NTRFNC2104110832460002
CA00000001896:FR 6154
:86:000+20Incasari card   
+23CA00000001896:FR 6154
:61:2104100411D1562,32NCOMNC2104110832460002
SV00997684500:TO 6154
:86:000+20Comision        +31RO74BRDE450SV00997684500
+32CARREFOUR ROMANIA SA+33CUI/CNP11588780
+23SV00997684500:TO 6154
+61STR GARA HERASTRAU NR 4C BL+62 GREEN SC B ET 4-7 070000 B
:61:2104100411C168312,22NTRFNC2104110832480000
CA00000001444:FR 6155
:86:000+20Incasari card   
+23CA00000001444:FR 6155
:61:2104100411D1202,34NCOMNC2104110832480000
SV00997684500:TO 6155
:86:000+20Comision        +31RO74BRDE450SV00997684500
+32CARREFOUR ROMANIA SA+33CUI/CNP11588780
+23SV00997684500:TO 6155
+61STR GARA HERASTRAU NR 4C BL+62 GREEN SC B ET 4-7 070000 B
:61:2104100411C123165,38NTRFNC2104110832500005
CA00000001339:FR 6164
:86:000+20Incasari card   
+23CA00000001339:FR 6164
:61:2104100411D815,99NCOMNC2104110832500005
SV00997684500:TO 6164
:86:000+20Comision        +31RO74BRDE450SV00997684500
+32CARREFOUR ROMANIA SA+33CUI/CNP11588780
+23SV00997684500:TO 6164
+61STR GARA HERASTRAU NR 4C BL+62 GREEN SC B ET 4-7 070000 B
:61:2104100411C647169,86NTRFNC2104110832530000
CA00000004049:FR 9109
:86:000+20Incasari card   
+23CA00000004049:FR 9109
:61:2104100411D5165,18NCOMNC2104110832530000
SV00997684500:TO 9109
:86:000+20Comision        +31RO74BRDE450SV00997684500
+32CARREFOUR ROMANIA SA+33CUI/CNP11588780
+23SV00997684500:TO 9109
+61STR GARA HERASTRAU NR 4C BL+62 GREEN SC B ET 4-7 070000 B
:61:2104100411C336638,36NTRFNC2104110832550010
CA00000002625:FR 9110
:86:000+20Incasari card   
+23CA00000002625:FR 9110
:61:2104100411D2659,80NCOMNC2104110832550010
SV00997684500:TO 9110
:86:000+20Comision        +31RO74BRDE450SV00997684500
+32CARREFOUR ROMANIA SA+33CUI/CNP11588780
+23SV00997684500:TO 9110
+61STR GARA HERASTRAU NR 4C BL+62 GREEN SC B ET 4-7 070000 B
:61:2104100411C626760,24NTRFNC2104110832570000
CA00000004813:FR 9112
:86:000+20Incasari card   
+23CA00000004813:FR 9112
:61:2104100411D5923,13NCOMNC2104110832570000
SV00997684500:TO 9112
:86:000+20Comision        +31RO74BRDE450SV00997684500
+32CARREFOUR ROMANIA SA+33CUI/CNP11588780
+23SV00997684500:TO 9112
+61STR GARA HERASTRAU NR 4C BL+62 GREEN SC B ET 4-7 070000 B
:61:2104100411C498618,60NTRFNC2104110833000002
CA00000003638:FR 9113
:86:000+20Incasari card   
+23CA00000003638:FR 9113
:61:2104100411D4343,71NCOMNC2104110833000002
SV00997684500:TO 9113
:86:000+20Comision        +31RO74BRDE450SV00997684500
+32CARREFOUR ROMANIA SA+33CUI/CNP11588780
+23SV00997684500:TO 9113
+61STR GARA HERASTRAU NR 4C BL+62 GREEN SC B ET 4-7 070000 B
:61:2104100411C192747,05NTRFNC2104110833020000
CA00000001993:FR 9137
:86:000+20Incasari card   
+23CA00000001993:FR 9137
:61:2104100411D1354,07NCOMNC2104110833020000
SV00997684500:TO 9137
:86:000+20Comision        +31RO74BRDE450SV00997684500
+32CARREFOUR ROMANIA SA+33CUI/CNP11588780
+23SV00997684500:TO 9137
+61STR GARA HERASTRAU NR 4C BL+62 GREEN SC B ET 4-7 070000 B
:61:2104100411C453174,97NTRFNC2104110833040000
CA00000003171:FR 9138
:86:000+20Incasari card   
+23CA00000003171:FR 9138
:61:2104100411D4121,41NCOMNC2104110833040000
SV00997684500:TO 9138
:86:000+20Comision        +31RO74BRDE450SV00997684500
+32CARREFOUR ROMANIA SA+33CUI/CNP11588780
+23SV00997684500:TO 9138
+61STR GARA HERASTRAU NR 4C BL+62 GREEN SC B ET 4-7 070000 B
:61:2104100411C422998,45NTRFNC2104110833060000
CA00000003265:FR 9139
:86:000+20Incasari card   
+23CA00000003265:FR 9139
:61:2104100411D3373,60NCOMNC2104110833060000
SV00997684500:TO 9139
:86:000+20Comision        +31RO74BRDE450SV00997684500
+32CARREFOUR ROMANIA SA+33CUI/CNP11588780
+23SV00997684500:TO 9139
+61STR GARA HERASTRAU NR 4C BL+62 GREEN SC B ET 4-7 070000 B
:61:2104100411C490458,08NTRFNC2104110833080001
CA00000002472:FR 9151
:86:000+20Incasari card   
+23CA00000002472:FR 9151
:61:2104100411D4134,01NCOMNC2104110833080001
SV00997684500:TO 9151
:86:000+20Comision        +31RO74BRDE450SV00997684500
+32CARREFOUR ROMANIA SA+33CUI/CNP11588780
+23SV00997684500:TO 9151
+61STR GARA HERASTRAU NR 4C BL+62 GREEN SC B ET 4-7 070000 B
:61:2104100411C954896,59NTRFNC2104110833100000
CA00000005568:FR 9152
:86:000+20Incasari card   
+23CA00000005568:FR 9152
:61:2104100411D7827,10NCOMNC2104110833100000
SV00997684500:TO 9152
:86:000+20Comision        +31RO74BRDE450SV00997684500
+32CARREFOUR ROMANIA SA+33CUI/CNP11588780
+23SV00997684500:TO 9152
+61STR GARA HERASTRAU NR 4C BL+62 GREEN SC B ET 4-7 070000 B
:61:2104100411C454524,33NTRFNC2104110833120000
CA00000002647:FR 9153
:86:000+20Incasari card   
+23CA00000002647:FR 9153
:61:2104100411D4057,07NCOMNC2104110833120000
SV00997684500:TO 9153
:86:000+20Comision        +31RO74BRDE450SV00997684500
+32CARREFOUR ROMANIA SA+33CUI/CNP11588780
+23SV00997684500:TO 9153
+61STR GARA HERASTRAU NR 4C BL+62 GREEN SC B ET 4-7 070000 B
:61:2104100411C915717,51NTRFNC2104110833130000
CA00000005192:FR 9155
:86:000+20Incasari card   
+23CA00000005192:FR 9155
:61:2104100411D6857,86NCOMNC2104110833130000
SV00997684500:TO 9155
:86:000+20Comision        +31RO74BRDE450SV00997684500
+32CARREFOUR ROMANIA SA+33CUI/CNP11588780
+23SV00997684500:TO 9155
+61STR GARA HERASTRAU NR 4C BL+62 GREEN SC B ET 4-7 070000 B
:61:2104100411C673393,56NTRFNC2104110833150013
CA00000004878:FR 9156
:86:000+20Incasari card   
+23CA00000004878:FR 9156
:61:2104100411D5161,08NCOMNC2104110833150013
SV00997684500:TO 9156
:86:000+20Comision        +31RO74BRDE450SV00997684500
+32CARREFOUR ROMANIA SA+33CUI/CNP11588780
+23SV00997684500:TO 9156
+61STR GARA HERASTRAU NR 4C BL+62 GREEN SC B ET 4-7 070000 B
:61:2104100411C506295,43NTRFNC2104110833170000
CA00000003231:FR 9157
:86:000+20Incasari card   
+23CA00000003231:FR 9157
:61:2104100411D3983,55NCOMNC2104110833170000
SV00997684500:TO 9157
:86:000+20Comision        +31RO74BRDE450SV00997684500
+32CARREFOUR ROMANIA SA+33CUI/CNP11588780
+23SV00997684500:TO 9157
+61STR GARA HERASTRAU NR 4C BL+62 GREEN SC B ET 4-7 070000 B
:61:2104100411D299,00NTRFNC2104110833180018
CA00000000001:TO 9157
:86:000+20Retur fonduri   
+23CA00000000001:TO 9157
:61:2104100411D1,50NCOMNC2104110833180018
SV00997684500:TO 9157
:86:000+20Comision        +31RO74BRDE450SV00997684500
+32CARREFOUR ROMANIA SA+33CUI/CNP11588780
+23SV00997684500:TO 9157
+61STR GARA HERASTRAU NR 4C BL+62 GREEN SC B ET 4-7 070000 B
:61:2104100411C665424,62NTRFNC2104110833190005
CA00000005195:FR 9158
:86:000+20Incasari card   
+23CA00000005195:FR 9158
:61:2104100411D5382,72NCOMNC2104110833190005
SV00997684500:TO 9158
:86:000+20Comision        +31RO74BRDE450SV00997684500
+32CARREFOUR ROMANIA SA+33CUI/CNP11588780
+23SV00997684500:TO 9158
+61STR GARA HERASTRAU NR 4C BL+62 GREEN SC B ET 4-7 070000 B
:61:2104100411C533022,92NTRFNC2104110833200000
CA00000003195:FR 9160
:86:000+20Incasari card   
+23CA00000003195:FR 9160
:61:2104100411D3953,93NCOMNC2104110833200000
SV00997684500:TO 9160
:86:000+20Comision        +31RO74BRDE450SV00997684500
+32CARREFOUR ROMANIA SA+33CUI/CNP11588780
+23SV00997684500:TO 9160
+61STR GARA HERASTRAU NR 4C BL+62 GREEN SC B ET 4-7 070000 B
:61:2104100411C537745,01NTRFNC2104110833220000
CA00000003716:FR 9161
:86:000+20Incasari card   
+23CA00000003716:FR 9161
:61:2104100411D4414,70NCOMNC2104110833220000
SV00997684500:TO 9161
:86:000+20Comision        +31RO74BRDE450SV00997684500
+32CARREFOUR ROMANIA SA+33CUI/CNP11588780
+23SV00997684500:TO 9161
+61STR GARA HERASTRAU NR 4C BL+62 GREEN SC B ET 4-7 070000 B
:61:2104100411C541411,50NTRFNC2104110833230004
CA00000003108:FR 9164
:86:000+20Incasari card   
+23CA00000003108:FR 9164
:61:2104100411D4206,48NCOMNC2104110833230004
SV00997684500:TO 9164
:86:000+20Comision        +31RO74BRDE450SV00997684500
+32CARREFOUR ROMANIA SA+33CUI/CNP11588780
+23SV00997684500:TO 9164
+61STR GARA HERASTRAU NR 4C BL+62 GREEN SC B ET 4-7 070000 B
:61:2104100411C228994,34NTRFNC2104110833240000
CA00000001971:FR 9166
:86:000+20Incasari card   
+23CA00000001971:FR 9166
:61:2104100411D2429,26NCOMNC2104110833240000
SV00997684500:TO 9166
:86:000+20Comision        +31RO74BRDE450SV00997684500
+32CARREFOUR ROMANIA SA+33CUI/CNP11588780
+23SV00997684500:TO 9166
+61STR GARA HERASTRAU NR 4C BL+62 GREEN SC B ET 4-7 070000 B
:61:2104100411C515656,83NTRFNC2104110833250000
CA00000003325:FR 9167
:86:000+20Incasari card   
+23CA00000003325:FR 9167
:61:2104100411D3897,95NCOMNC2104110833250000
SV00997684500:TO 9167
:86:000+20Comision        +31RO74BRDE450SV00997684500
+32CARREFOUR ROMANIA SA+33CUI/CNP11588780
+23SV00997684500:TO 9167
+61STR GARA HERASTRAU NR 4C BL+62 GREEN SC B ET 4-7 070000 B
:61:2104100411C240759,50NTRFNC2104110833260020
CA00000001705:FR 9168
:86:000+20Incasari card   
+23CA00000001705:FR 9168
:61:2104100411D1818,46NCOMNC2104110833260020
SV00997684500:TO 9168
:86:000+20Comision        +31RO74BRDE450SV00997684500
+32CARREFOUR ROMANIA SA+33CUI/CNP11588780
+23SV00997684500:TO 9168
+61STR GARA HERASTRAU NR 4C BL+62 GREEN SC B ET 4-7 070000 B
:61:2104100411C227510,06NTRFNC2104110833270002
CA00000001929:FR 9170
:86:000+20Incasari card   
+23CA00000001929:FR 9170
:61:2104100411D1702,99NCOMNC2104110833270002
SV00997684500:TO 9170
:86:000+20Comision        +31RO74BRDE450SV00997684500
+32CARREFOUR ROMANIA SA+33CUI/CNP11588780
+23SV00997684500:TO 9170
+61STR GARA HERASTRAU NR 4C BL+62 GREEN SC B ET 4-7 070000 B
:61:2104100411C208562,39NTRFNC2104110833280000
CA00000001461:FR 9171
:86:000+20Incasari card   
+23CA00000001461:FR 9171
:61:2104100411D1483,78NCOMNC2104110833280000
SV00997684500:TO 9171
:86:000+20Comision        +31RO74BRDE450SV00997684500
+32CARREFOUR ROMANIA SA+33CUI/CNP11588780
+23SV00997684500:TO 9171
+61STR GARA HERASTRAU NR 4C BL+62 GREEN SC B ET 4-7 070000 B
:61:2104100411C312231,72NTRFNC2104110833290000
CA00000002363:FR 9173
:86:000+20Incasari card   
+23CA00000002363:FR 9173
:61:2104100411D2138,64NCOMNC2104110833290000
SV00997684500:TO 9173
:86:000+20Comision        +31RO74BRDE450SV00997684500
+32CARREFOUR ROMANIA SA+33CUI/CNP11588780
+23SV00997684500:TO 9173
+61STR GARA HERASTRAU NR 4C BL+62 GREEN SC B ET 4-7 070000 B
:61:2104100411C237082,04NTRFNC2104110833300013
CA00000001779:FR 9178
:86:000+20Incasari card   
+23CA00000001779:FR 9178
:61:2104100411D1950,83NCOMNC2104110833300013
SV00997684500:TO 9178
:86:000+20Comision        +31RO74BRDE450SV00997684500
+32CARREFOUR ROMANIA SA+33CUI/CNP11588780
+23SV00997684500:TO 9178
+61STR GARA HERASTRAU NR 4C BL+62 GREEN SC B ET 4-7 070000 B
:61:2104100411C483625,65NTRFNC2104110833310002
CA00000003303:FR 9180
:86:000+20Incasari card   
+23CA00000003303:FR 9180
:61:2104100411D3783,70NCOMNC2104110833310002
SV00997684500:TO 9180
:86:000+20Comision        +31RO74BRDE450SV00997684500
+32CARREFOUR ROMANIA SA+33CUI/CNP11588780
+23SV00997684500:TO 9180
+61STR GARA HERASTRAU NR 4C BL+62 GREEN SC B ET 4-7 070000 B
:61:2104100411C167992,17NTRFNC2104110833320000
CA00000001456:FR 9181
:86:000+20Incasari card   
+23CA00000001456:FR 9181
:61:2104100411D1155,15NCOMNC2104110833320000
SV00997684500:TO 9181
:86:000+20Comision        +31RO74BRDE450SV00997684500
+32CARREFOUR ROMANIA SA+33CUI/CNP11588780
+23SV00997684500:TO 9181
+61STR GARA HERASTRAU NR 4C BL+62 GREEN SC B ET 4-7 070000 B
:61:2104100411C245402,82NTRFNC2104110833320001
CA00000002273:FR 9184
:86:000+20Incasari card   
+23CA00000002273:FR 9184
:61:2104100411D1698,63NCOMNC2104110833320001
SV00997684500:TO 9184
:86:000+20Comision        +31RO74BRDE450SV00997684500
+32CARREFOUR ROMANIA SA+33CUI/CNP11588780
+23SV00997684500:TO 9184
+61STR GARA HERASTRAU NR 4C BL+62 GREEN SC B ET 4-7 070000 B
:61:2104100411C139736,33NTRFNC2104110833330000
CA00000001528:FR 9185
:86:000+20Incasari card   
+23CA00000001528:FR 9185
:61:2104100411D1014,60NCOMNC2104110833330000
SV00997684500:TO 9185
:86:000+20Comision        +31RO74BRDE450SV00997684500
+32CARREFOUR ROMANIA SA+33CUI/CNP11588780
+23SV00997684500:TO 9185
+61STR GARA HERASTRAU NR 4C BL+62 GREEN SC B ET 4-7 070000 B
:61:2104100411C277100,00NTRFNC2104110833340014
CA00000002004:FR 9187
:86:000+20Incasari card   
+23CA00000002004:FR 9187
:61:2104100411D1871,22NCOMNC2104110833340014
SV00997684500:TO 9187
:86:000+20Comision        +31RO74BRDE450SV00997684500
+32CARREFOUR ROMANIA SA+33CUI/CNP11588780
+23SV00997684500:TO 9187
+61STR GARA HERASTRAU NR 4C BL+62 GREEN SC B ET 4-7 070000 B
:61:2104100411C173773,88NTRFNC2104110833350000
CA00000001587:FR 9188
:86:000+20Incasari card   
+23CA00000001587:FR 9188
:61:2104100411D1203,73NCOMNC2104110833350000
SV00997684500:TO 9188
:86:000+20Comision        +31RO74BRDE450SV00997684500
+32CARREFOUR ROMANIA SA+33CUI/CNP11588780
+23SV00997684500:TO 9188
+61STR GARA HERASTRAU NR 4C BL+62 GREEN SC B ET 4-7 070000 B
:61:2104100411C268294,67NTRFNC2104110833350001
CA00000002128:FR 9189
:86:000+20Incasari card   
+23CA00000002128:FR 9189
:61:2104100411D1951,70NCOMNC2104110833350001
SV00997684500:TO 9189
:86:000+20Comision        +31RO74BRDE450SV00997684500
+32CARREFOUR ROMANIA SA+33CUI/CNP11588780
+23SV00997684500:TO 9189
+61STR GARA HERASTRAU NR 4C BL+62 GREEN SC B ET 4-7 070000 B
:61:2104100411C203980,63NTRFNC2104110833360000
CA00000001902:FR 9191
:86:000+20Incasari card   
+23CA00000001902:FR 9191
:61:2104100411D1374,19NCOMNC2104110833360000
SV00997684500:TO 9191
:86:000+20Comision        +31RO74BRDE450SV00997684500
+32CARREFOUR ROMANIA SA+33CUI/CNP11588780
+23SV00997684500:TO 9191
+61STR GARA HERASTRAU NR 4C BL+62 GREEN SC B ET 4-7 070000 B
:61:2104100411C605357,44NTRFNC2104110833360001
CA00000003988:FR 9193
:86:000+20Incasari card   
+23CA00000003988:FR 9193
:61:2104100411D5505,08NCOMNC2104110833360001
SV00997684500:TO 9193
:86:000+20Comision        +31RO74BRDE450SV00997684500
+32CARREFOUR ROMANIA SA+33CUI/CNP11588780
+23SV00997684500:TO 9193
+61STR GARA HERASTRAU NR 4C BL+62 GREEN SC B ET 4-7 070000 B
:61:2104100411C196280,59NTRFNC2104110833370000
CA00000002107:FR 9194
:86:000+20Incasari card   
+23CA00000002107:FR 9194
:61:2104100411D1579,74NCOMNC2104110833370000
SV00997684500:TO 9194
:86:000+20Comision        +31RO74BRDE450SV00997684500
+32CARREFOUR ROMANIA SA+33CUI/CNP11588780
+23SV00997684500:TO 9194
+61STR GARA HERASTRAU NR 4C BL+62 GREEN SC B ET 4-7 070000 B
:61:2104100411C211006,25NTRFNC2104110833370004
CA00000001882:FR 9197
:86:000+20Incasari card   
+23CA00000001882:FR 9197
:61:2104100411D1553,09NCOMNC2104110833370004
SV00997684500:TO 9197
:86:000+20Comision        +31RO74BRDE450SV00997684500
+32CARREFOUR ROMANIA SA+33CUI/CNP11588780
+23SV00997684500:TO 9197
+61STR GARA HERASTRAU NR 4C BL+62 GREEN SC B ET 4-7 070000 B
:62F:C210411RON46541544,76
:64:C210411RON231198744,76
:86:Credit neutilizat la 11/04/2021: 184657200,00 \
Sume blocate la 11/04/2021: 0,00

:20:4244500
:25:RO53BRDE450SV04646274500
:28:00101/95
:60F:D210411RON0,00
:62F:D210411RON0,00
:64:C210411RON0,00
:86:Credit neutilizat la 11/04/2021: 0,00 \
Sume blocate la 11/04/2021: 0,00

:20:4244500
:25:RO66BRDE450SV06011774500
:28:00101/99
:60F:C210411RON34355,02
:62F:C210411RON34355,02
:64:C210411RON34355,02
:86:Credit neutilizat la 11/04/2021: 0,00 \
Sume blocate la 11/04/2021: 0,00

:20:4244500
:25:RO93BRDE450SV06145094500
:28:00101/132
:60F:C210411EUR234046,63
:62F:C210411EUR234046,63
:64:C210411EUR234046,63
:86:Credit neutilizat la 11/04/2021: 0,00 \
Sume blocate la 11/04/2021: 0,00

:20:1119934500
:25:RO73BRDE450SV21500594500
:28:00101/1
:60F:C210411RON4040,74
:62F:C210411RON4040,74
:64:C210411RON4040,74
:86:Credit neutilizat la 11/04/2021: 0,00 \
Sume blocate la 11/04/2021: 0,00

:20:1088214500
:25:RO66BRDE450SV29412054500
:28:00101/1
:60F:C210411RON3796,31
:62F:C210411RON3796,31
:64:C210411RON3796,31
:86:Credit neutilizat la 11/04/2021: 0,00 \
Sume blocate la 11/04/2021: 0,00

:20:1096704500
:25:RO89BRDE450SV74289614500
:28:00101/1
:60F:C210411RON26562905,43
:61:2104100411C31185,64NTRFNC2104110836550013
CA00000000550:FR 4504
:86:000+20Incasari card
+23CA00000000550:FR 4504
:61:2104100411D227,60NCOMNC2104110836550013
SV74289614500:TO 4504
:86:000+20Comision        +31RO89BRDE450SV74289614500
+32COLUMBUS OPERATIONAL SRL+33CUI/CNP9657315
+23SV74289614500:TO 4504
+61STR GARA HERASTRAU NR 4C BL+62 GREEN SC B ET 7 AP C 07000
:61:2104100411C29978,56NTRFNC2104110836560002
CA00000000476:FR 4505
:86:000+20Incasari card
+23CA00000000476:FR 4505
:61:2104100411D263,63NCOMNC2104110836560002
SV74289614500:TO 4505
:86:000+20Comision        +31RO89BRDE450SV74289614500
+32COLUMBUS OPERATIONAL SRL+33CUI/CNP9657315
+23SV74289614500:TO 4505
+61STR GARA HERASTRAU NR 4C BL+62 GREEN SC B ET 7 AP C 07000
:61:2104100411C75382,70NTRFNC2104110836560006
CA00000000924:FR 4508
:86:000+20Incasari card
+23CA00000000924:FR 4508
:61:2104100411D481,07NCOMNC2104110836560006
SV74289614500:TO 4508
:86:000+20Comision        +31RO89BRDE450SV74289614500
+32COLUMBUS OPERATIONAL SRL+33CUI/CNP9657315
+23SV74289614500:TO 4508
+61STR GARA HERASTRAU NR 4C BL+62 GREEN SC B ET 7 AP C 07000
:61:2104100411C34015,40NTRFNC2104110836570000
CA00000000483:FR 4509
:86:000+20Incasari card
+23CA00000000483:FR 4509
:61:2104100411D232,42NCOMNC2104110836570000
SV74289614500:TO 4509
:86:000+20Comision        +31RO89BRDE450SV74289614500
+32COLUMBUS OPERATIONAL SRL+33CUI/CNP9657315
+23SV74289614500:TO 4509
+61STR GARA HERASTRAU NR 4C BL+62 GREEN SC B ET 7 AP C 07000
:61:2104100411C35966,14NTRFNC2104110836580000
CA00000000395:FR 4510
:86:000+20Incasari card
+23CA00000000395:FR 4510
:61:2104100411D293,61NCOMNC2104110836580000
SV74289614500:TO 4510
:86:000+20Comision        +31RO89BRDE450SV74289614500
+32COLUMBUS OPERATIONAL SRL+33CUI/CNP9657315
+23SV74289614500:TO 4510
+61STR GARA HERASTRAU NR 4C BL+62 GREEN SC B ET 7 AP C 07000
:61:2104100411C19354,77NTRFNC2104110836580001
CA00000000334:FR 4516
:86:000+20Incasari card
+23CA00000000334:FR 4516
:61:2104100411D165,11NCOMNC2104110836580001
SV74289614500:TO 4516
:86:000+20Comision        +31RO89BRDE450SV74289614500
+32COLUMBUS OPERATIONAL SRL+33CUI/CNP9657315
+23SV74289614500:TO 4516
+61STR GARA HERASTRAU NR 4C BL+62 GREEN SC B ET 7 AP C 07000
:61:2104100411C37232,04NTRFNC2104110836590008
CA00000000453:FR 4517
:86:000+20Incasari card
+23CA00000000453:FR 4517
:61:2104100411D312,95NCOMNC2104110836590008
SV74289614500:TO 4517
:86:000+20Comision        +31RO89BRDE450SV74289614500
+32COLUMBUS OPERATIONAL SRL+33CUI/CNP9657315
+23SV74289614500:TO 4517
+61STR GARA HERASTRAU NR 4C BL+62 GREEN SC B ET 7 AP C 07000
:61:2104100411C15686,13NTRFNC2104110836590025
CA00000000227:FR 4518
:86:000+20Incasari card
+23CA00000000227:FR 4518
:61:2104100411D99,73NCOMNC2104110836590025
SV74289614500:TO 4518
:86:000+20Comision        +31RO89BRDE450SV74289614500
+32COLUMBUS OPERATIONAL SRL+33CUI/CNP9657315
+23SV74289614500:TO 4518
+61STR GARA HERASTRAU NR 4C BL+62 GREEN SC B ET 7 AP C 07000
:61:2104100411C61296,55NTRFNC2104110837000002
CA00000001069:FR 4519
:86:000+20Incasari card
+23CA00000001069:FR 4519
:61:2104100411D431,86NCOMNC2104110837000002
SV74289614500:TO 4519
:86:000+20Comision        +31RO89BRDE450SV74289614500
+32COLUMBUS OPERATIONAL SRL+33CUI/CNP9657315
+23SV74289614500:TO 4519
+61STR GARA HERASTRAU NR 4C BL+62 GREEN SC B ET 7 AP C 07000
:61:2104100411C27065,34NTRFNC2104110837010000
CA00000000433:FR 4520
:86:000+20Incasari card
+23CA00000000433:FR 4520
:61:2104100411D194,54NCOMNC2104110837010000
SV74289614500:TO 4520
:86:000+20Comision        +31RO89BRDE450SV74289614500
+32COLUMBUS OPERATIONAL SRL+33CUI/CNP9657315
+23SV74289614500:TO 4520
+61STR GARA HERASTRAU NR 4C BL+62 GREEN SC B ET 7 AP C 07000
:61:2104100411C24832,67NTRFNC2104110837010001
CA00000000508:FR 4521
:86:000+20Incasari card
+23CA00000000508:FR 4521
:61:2104100411D243,80NCOMNC2104110837010001
SV74289614500:TO 4521
:86:000+20Comision        +31RO89BRDE450SV74289614500
+32COLUMBUS OPERATIONAL SRL+33CUI/CNP9657315
+23SV74289614500:TO 4521
+61STR GARA HERASTRAU NR 4C BL+62 GREEN SC B ET 7 AP C 07000
:61:2104100411C32285,76NTRFNC2104110837020000
CA00000000419:FR 4523
:86:000+20Incasari card
+23CA00000000419:FR 4523
:61:2104100411D276,13NCOMNC2104110837020000
SV74289614500:TO 4523
:86:000+20Comision        +31RO89BRDE450SV74289614500
+32COLUMBUS OPERATIONAL SRL+33CUI/CNP9657315
+23SV74289614500:TO 4523
+61STR GARA HERASTRAU NR 4C BL+62 GREEN SC B ET 7 AP C 07000
:61:2104100411C45731,07NTRFNC2104110837020001
CA00000000722:FR 4524
:86:000+20Incasari card
+23CA00000000722:FR 4524
:61:2104100411D354,69NCOMNC2104110837020001
SV74289614500:TO 4524
:86:000+20Comision        +31RO89BRDE450SV74289614500
+32COLUMBUS OPERATIONAL SRL+33CUI/CNP9657315
+23SV74289614500:TO 4524
+61STR GARA HERASTRAU NR 4C BL+62 GREEN SC B ET 7 AP C 07000
:61:2104100411C39580,60NTRFNC2104110837030012
CA00000000595:FR 4527
:86:000+20Incasari card
+23CA00000000595:FR 4527
:61:2104100411D368,24NCOMNC2104110837030012
SV74289614500:TO 4527
:86:000+20Comision        +31RO89BRDE450SV74289614500
+32COLUMBUS OPERATIONAL SRL+33CUI/CNP9657315
+23SV74289614500:TO 4527
+61STR GARA HERASTRAU NR 4C BL+62 GREEN SC B ET 7 AP C 07000
:61:2104100411C116058,30NTRFNC2104110837030022
CA00000001162:FR 4528
:86:000+20Incasari card
+23CA00000001162:FR 4528
:61:2104100411D928,88NCOMNC2104110837030022
SV74289614500:TO 4528
:86:000+20Comision        +31RO89BRDE450SV74289614500
+32COLUMBUS OPERATIONAL SRL+33CUI/CNP9657315
+23SV74289614500:TO 4528
+61STR GARA HERASTRAU NR 4C BL+62 GREEN SC B ET 7 AP C 07000
:61:2104100411C26916,62NTRFNC2104110837040000
CA00000000318:FR 4530
:86:000+20Incasari card
+23CA00000000318:FR 4530
:61:2104100411D169,17NCOMNC2104110837040000
SV74289614500:TO 4530
:86:000+20Comision        +31RO89BRDE450SV74289614500
+32COLUMBUS OPERATIONAL SRL+33CUI/CNP9657315
+23SV74289614500:TO 4530
+61STR GARA HERASTRAU NR 4C BL+62 GREEN SC B ET 7 AP C 07000
:61:2104100411C14149,01NTRFNC2104110837040001
CA00000000297:FR 4531
:86:000+20Incasari card
+23CA00000000297:FR 4531
:61:2104100411D133,54NCOMNC2104110837040001
SV74289614500:TO 4531
:86:000+20Comision        +31RO89BRDE450SV74289614500
+32COLUMBUS OPERATIONAL SRL+33CUI/CNP9657315
+23SV74289614500:TO 4531
+61STR GARA HERASTRAU NR 4C BL+62 GREEN SC B ET 7 AP C 07000
:61:2104100411C10340,49NTRFNC2104110837050000
CA00000000222:FR 4532
:86:000+20Incasari card
+23CA00000000222:FR 4532
:61:2104100411D91,21NCOMNC2104110837050000
SV74289614500:TO 4532
:86:000+20Comision        +31RO89BRDE450SV74289614500
+32COLUMBUS OPERATIONAL SRL+33CUI/CNP9657315
+23SV74289614500:TO 4532
+61STR GARA HERASTRAU NR 4C BL+62 GREEN SC B ET 7 AP C 07000
:61:2104100411C12096,89NTRFNC2104110837050001
CA00000000240:FR 4534
:86:000+20Incasari card
+23CA00000000240:FR 4534
:61:2104100411D97,22NCOMNC2104110837050001
SV74289614500:TO 4534
:86:000+20Comision        +31RO89BRDE450SV74289614500
+32COLUMBUS OPERATIONAL SRL+33CUI/CNP9657315
+23SV74289614500:TO 4534
+61STR GARA HERASTRAU NR 4C BL+62 GREEN SC B ET 7 AP C 07000
:61:2104100411C20556,04NTRFNC2104110837060000
CA00000000287:FR 4536
:86:000+20Incasari card
+23CA00000000287:FR 4536
:61:2104100411D151,58NCOMNC2104110837060000
SV74289614500:TO 4536
:86:000+20Comision        +31RO89BRDE450SV74289614500
+32COLUMBUS OPERATIONAL SRL+33CUI/CNP9657315
+23SV74289614500:TO 4536
+61STR GARA HERASTRAU NR 4C BL+62 GREEN SC B ET 7 AP C 07000
:61:2104100411C21140,82NTRFNC2104110837060006
CA00000000391:FR 4538
:86:000+20Incasari card
+23CA00000000391:FR 4538
:61:2104100411D215,46NCOMNC2104110837060006
SV74289614500:TO 4538
:86:000+20Comision        +31RO89BRDE450SV74289614500
+32COLUMBUS OPERATIONAL SRL+33CUI/CNP9657315
+23SV74289614500:TO 4538
+61STR GARA HERASTRAU NR 4C BL+62 GREEN SC B ET 7 AP C 07000
:61:2104100411C19836,07NTRFNC2104110837070005
CA00000000448:FR 4540
:86:000+20Incasari card
+23CA00000000448:FR 4540
:61:2104100411D183,29NCOMNC2104110837070005
SV74289614500:TO 4540
:86:000+20Comision        +31RO89BRDE450SV74289614500
+32COLUMBUS OPERATIONAL SRL+33CUI/CNP9657315
+23SV74289614500:TO 4540
+61STR GARA HERASTRAU NR 4C BL+62 GREEN SC B ET 7 AP C 07000
:61:2104100411C19013,36NTRFNC2104110837070017
CA00000000366:FR 4541
:86:000+20Incasari card
+23CA00000000366:FR 4541
:61:2104100411D172,69NCOMNC2104110837070017
SV74289614500:TO 4541
:86:000+20Comision        +31RO89BRDE450SV74289614500
+32COLUMBUS OPERATIONAL SRL+33CUI/CNP9657315
+23SV74289614500:TO 4541
+61STR GARA HERASTRAU NR 4C BL+62 GREEN SC B ET 7 AP C 07000
:61:2104100411C18549,19NTRFNC2104110837080000
CA00000000408:FR 4542
:86:000+20Incasari card
+23CA00000000408:FR 4542
:61:2104100411D164,17NCOMNC2104110837080000
SV74289614500:TO 4542
:86:000+20Comision        +31RO89BRDE450SV74289614500
+32COLUMBUS OPERATIONAL SRL+33CUI/CNP9657315
+23SV74289614500:TO 4542
+61STR GARA HERASTRAU NR 4C BL+62 GREEN SC B ET 7 AP C 07000
:61:2104100411C16111,39NTRFNC2104110837080001
CA00000000421:FR 4543
:86:000+20Incasari card
+23CA00000000421:FR 4543
:61:2104100411D163,30NCOMNC2104110837080001
SV74289614500:TO 4543
:86:000+20Comision        +31RO89BRDE450SV74289614500
+32COLUMBUS OPERATIONAL SRL+33CUI/CNP9657315
+23SV74289614500:TO 4543
+61STR GARA HERASTRAU NR 4C BL+62 GREEN SC B ET 7 AP C 07000
:61:2104100411C25223,98NTRFNC2104110837080002
CA00000000484:FR 4545
:86:000+20Incasari card
+23CA00000000484:FR 4545
:61:2104100411D180,34NCOMNC2104110837080002
SV74289614500:TO 4545
:86:000+20Comision        +31RO89BRDE450SV74289614500
+32COLUMBUS OPERATIONAL SRL+33CUI/CNP9657315
+23SV74289614500:TO 4545
+61STR GARA HERASTRAU NR 4C BL+62 GREEN SC B ET 7 AP C 07000
:61:2104100411C45240,88NTRFNC2104110837090000
CA00000000548:FR 4546
:86:000+20Incasari card
+23CA00000000548:FR 4546
:61:2104100411D359,37NCOMNC2104110837090000
SV74289614500:TO 4546
:86:000+20Comision        +31RO89BRDE450SV74289614500
+32COLUMBUS OPERATIONAL SRL+33CUI/CNP9657315
+23SV74289614500:TO 4546
+61STR GARA HERASTRAU NR 4C BL+62 GREEN SC B ET 7 AP C 07000
:61:2104100411C11141,48NTRFNC2104110837090004
CA00000000222:FR 4547
:86:000+20Incasari card
+23CA00000000222:FR 4547
:61:2104100411D88,52NCOMNC2104110837090004
SV74289614500:TO 4547
:86:000+20Comision        +31RO89BRDE450SV74289614500
+32COLUMBUS OPERATIONAL SRL+33CUI/CNP9657315
+23SV74289614500:TO 4547
+61STR GARA HERASTRAU NR 4C BL+62 GREEN SC B ET 7 AP C 07000
:61:2104100411C32473,12NTRFNC2104110837100000
CA00000000454:FR 4550
:86:000+20Incasari card
+23CA00000000454:FR 4550
:61:2104100411D206,00NCOMNC2104110837100000
SV74289614500:TO 4550
:86:000+20Comision        +31RO89BRDE450SV74289614500
+32COLUMBUS OPERATIONAL SRL+33CUI/CNP9657315
+23SV74289614500:TO 4550
+61STR GARA HERASTRAU NR 4C BL+62 GREEN SC B ET 7 AP C 07000
:61:2104100411C20757,30NTRFNC2104110837100001
CA00000000357:FR 4551
:86:000+20Incasari card
+23CA00000000357:FR 4551
:61:2104100411D153,54NCOMNC2104110837100001
SV74289614500:TO 4551
:86:000+20Comision        +31RO89BRDE450SV74289614500
+32COLUMBUS OPERATIONAL SRL+33CUI/CNP9657315
+23SV74289614500:TO 4551
+61STR GARA HERASTRAU NR 4C BL+62 GREEN SC B ET 7 AP C 07000
:61:2104100411C47496,92NTRFNC2104110837100010
CA00000001007:FR 4552
:86:000+20Incasari card
+23CA00000001007:FR 4552
:61:2104100411D347,72NCOMNC2104110837100010
SV74289614500:TO 4552
:86:000+20Comision        +31RO89BRDE450SV74289614500
+32COLUMBUS OPERATIONAL SRL+33CUI/CNP9657315
+23SV74289614500:TO 4552
+61STR GARA HERASTRAU NR 4C BL+62 GREEN SC B ET 7 AP C 07000
:61:2104100411C20402,67NTRFNC2104110837110010
CA00000000404:FR 4553
:86:000+20Incasari card
+23CA00000000404:FR 4553
:61:2104100411D159,66NCOMNC2104110837110010
SV74289614500:TO 4553
:86:000+20Comision        +31RO89BRDE450SV74289614500
+32COLUMBUS OPERATIONAL SRL+33CUI/CNP9657315
+23SV74289614500:TO 4553
+61STR GARA HERASTRAU NR 4C BL+62 GREEN SC B ET 7 AP C 07000
:61:2104100411C13379,25NTRFNC2104110837110013
CA00000000266:FR 4554
:86:000+20Incasari card
+23CA00000000266:FR 4554
:61:2104100411D104,00NCOMNC2104110837110013
SV74289614500:TO 4554
:86:000+20Comision        +31RO89BRDE450SV74289614500
+32COLUMBUS OPERATIONAL SRL+33CUI/CNP9657315
+23SV74289614500:TO 4554
+61STR GARA HERASTRAU NR 4C BL+62 GREEN SC B ET 7 AP C 07000
:61:2104100411C9774,91NTRFNC2104110837120000
CA00000000446:FR 4556
:86:000+20Incasari card
+23CA00000000446:FR 4556
:61:2104100411D91,23NCOMNC2104110837120000
SV74289614500:TO 4556
:86:000+20Comision        +31RO89BRDE450SV74289614500
+32COLUMBUS OPERATIONAL SRL+33CUI/CNP9657315
+23SV74289614500:TO 4556
+61STR GARA HERASTRAU NR 4C BL+62 GREEN SC B ET 7 AP C 07000
:61:2104100411C10193,40NTRFNC2104110837120001
CA00000000253:FR 4557
:86:000+20Incasari card
+23CA00000000253:FR 4557
:61:2104100411D92,88NCOMNC2104110837120001
SV74289614500:TO 4557
:86:000+20Comision        +31RO89BRDE450SV74289614500
+32COLUMBUS OPERATIONAL SRL+33CUI/CNP9657315
+23SV74289614500:TO 4557
+61STR GARA HERASTRAU NR 4C BL+62 GREEN SC B ET 7 AP C 07000
:61:2104100411C21826,03NTRFNC2104110837120005
CA00000000505:FR 4558
:86:000+20Incasari card
+23CA00000000505:FR 4558
:61:2104100411D165,12NCOMNC2104110837120005
SV74289614500:TO 4558
:86:000+20Comision        +31RO89BRDE450SV74289614500
+32COLUMBUS OPERATIONAL SRL+33CUI/CNP9657315
+23SV74289614500:TO 4558
+61STR GARA HERASTRAU NR 4C BL+62 GREEN SC B ET 7 AP C 07000
:61:2104100411C20320,38NTRFNC2104110837130000
CA00000000419:FR 4559
:86:000+20Incasari card
+23CA00000000419:FR 4559
:61:2104100411D181,98NCOMNC2104110837130000
SV74289614500:TO 4559
:86:000+20Comision        +31RO89BRDE450SV74289614500
+32COLUMBUS OPERATIONAL SRL+33CUI/CNP9657315
+23SV74289614500:TO 4559
+61STR GARA HERASTRAU NR 4C BL+62 GREEN SC B ET 7 AP C 07000
:61:2104100411C29262,81NTRFNC2104110837130001
CA00000000606:FR 4560
:86:000+20Incasari card
+23CA00000000606:FR 4560
:61:2104100411D208,32NCOMNC2104110837130001
SV74289614500:TO 4560
:86:000+20Comision        +31RO89BRDE450SV74289614500
+32COLUMBUS OPERATIONAL SRL+33CUI/CNP9657315
+23SV74289614500:TO 4560
+61STR GARA HERASTRAU NR 4C BL+62 GREEN SC B ET 7 AP C 07000
:61:2104100411C28859,57NTRFNC2104110837130002
CA00000000387:FR 4562
:86:000+20Incasari card
+23CA00000000387:FR 4562
:61:2104100411D182,53NCOMNC2104110837130002
SV74289614500:TO 4562
:86:000+20Comision        +31RO89BRDE450SV74289614500
+32COLUMBUS OPERATIONAL SRL+33CUI/CNP9657315
+23SV74289614500:TO 4562
+61STR GARA HERASTRAU NR 4C BL+62 GREEN SC B ET 7 AP C 07000
:61:2104100411C9162,80NTRFNC2104110837130003
CA00000000200:FR 4563
:86:000+20Incasari card
+23CA00000000200:FR 4563
:61:2104100411D64,63NCOMNC2104110837130003
SV74289614500:TO 4563
:86:000+20Comision        +31RO89BRDE450SV74289614500
+32COLUMBUS OPERATIONAL SRL+33CUI/CNP9657315
+23SV74289614500:TO 4563
+61STR GARA HERASTRAU NR 4C BL+62 GREEN SC B ET 7 AP C 07000
:61:2104100411C9427,86NTRFNC2104110837140000
CA00000000186:FR 4564
:86:000+20Incasari card
+23CA00000000186:FR 4564
:61:2104100411D61,59NCOMNC2104110837140000
SV74289614500:TO 4564
:86:000+20Comision        +31RO89BRDE450SV74289614500
+32COLUMBUS OPERATIONAL SRL+33CUI/CNP9657315
+23SV74289614500:TO 4564
+61STR GARA HERASTRAU NR 4C BL+62 GREEN SC B ET 7 AP C 07000
:61:2104100411C16596,06NTRFNC2104110837140004
CA00000000239:FR 4565
:86:000+20Incasari card
+23CA00000000239:FR 4565
:61:2104100411D109,41NCOMNC2104110837140004
SV74289614500:TO 4565
:86:000+20Comision        +31RO89BRDE450SV74289614500
+32COLUMBUS OPERATIONAL SRL+33CUI/CNP9657315
+23SV74289614500:TO 4565
+61STR GARA HERASTRAU NR 4C BL+62 GREEN SC B ET 7 AP C 07000
:61:2104100411C13101,87NTRFNC2104110837140010
CA00000000287:FR 4566
:86:000+20Incasari card
+23CA00000000287:FR 4566
:61:2104100411D111,94NCOMNC2104110837140010
SV74289614500:TO 4566
:86:000+20Comision        +31RO89BRDE450SV74289614500
+32COLUMBUS OPERATIONAL SRL+33CUI/CNP9657315
+23SV74289614500:TO 4566
+61STR GARA HERASTRAU NR 4C BL+62 GREEN SC B ET 7 AP C 07000
:61:2104100411C13380,38NTRFNC2104110837150002
CA00000000305:FR 4567
:86:000+20Incasari card
+23CA00000000305:FR 4567
:61:2104100411D103,57NCOMNC2104110837150002
SV74289614500:TO 4567
:86:000+20Comision        +31RO89BRDE450SV74289614500
+32COLUMBUS OPERATIONAL SRL+33CUI/CNP9657315
+23SV74289614500:TO 4567
+61STR GARA HERASTRAU NR 4C BL+62 GREEN SC B ET 7 AP C 07000
:61:2104100411C23554,89NTRFNC2104110837150007
CA00000000300:FR 4568
:86:000+20Incasari card
+23CA00000000300:FR 4568
:61:2104100411D182,48NCOMNC2104110837150007
SV74289614500:TO 4568
:86:000+20Comision        +31RO89BRDE450SV74289614500
+32COLUMBUS OPERATIONAL SRL+33CUI/CNP9657315
+23SV74289614500:TO 4568
+61STR GARA HERASTRAU NR 4C BL+62 GREEN SC B ET 7 AP C 07000
:61:2104100411C17104,89NTRFNC2104110837150008
CA00000000481:FR 4569
:86:000+20Incasari card
+23CA00000000481:FR 4569
:61:2104100411D149,31NCOMNC2104110837150008
SV74289614500:TO 4569
:86:000+20Comision        +31RO89BRDE450SV74289614500
+32COLUMBUS OPERATIONAL SRL+33CUI/CNP9657315
+23SV74289614500:TO 4569
+61STR GARA HERASTRAU NR 4C BL+62 GREEN SC B ET 7 AP C 07000
:61:2104100411C7273,05NTRFNC2104110837150012
CA00000000210:FR 4570
:86:000+20Incasari card
+23CA00000000210:FR 4570
:61:2104100411D56,14NCOMNC2104110837150012
SV74289614500:TO 4570
:86:000+20Comision        +31RO89BRDE450SV74289614500
+32COLUMBUS OPERATIONAL SRL+33CUI/CNP9657315
+23SV74289614500:TO 4570
+61STR GARA HERASTRAU NR 4C BL+62 GREEN SC B ET 7 AP C 07000
:61:2104100411C8573,28NTRFNC2104110837160000
CA00000000369:FR 4571
:86:000+20Incasari card
+23CA00000000369:FR 4571
:61:2104100411D67,45NCOMNC2104110837160000
SV74289614500:TO 4571
:86:000+20Comision        +31RO89BRDE450SV74289614500
+32COLUMBUS OPERATIONAL SRL+33CUI/CNP9657315
+23SV74289614500:TO 4571
+61STR GARA HERASTRAU NR 4C BL+62 GREEN SC B ET 7 AP C 07000
:61:2104100411C22888,97NTRFNC2104110837160001
CA00000000321:FR 4573
:86:000+20Incasari card
+23CA00000000321:FR 4573
:61:2104100411D155,52NCOMNC2104110837160001
SV74289614500:TO 4573
:86:000+20Comision        +31RO89BRDE450SV74289614500
+32COLUMBUS OPERATIONAL SRL+33CUI/CNP9657315
+23SV74289614500:TO 4573
+61STR GARA HERASTRAU NR 4C BL+62 GREEN SC B ET 7 AP C 07000
:61:2104100411C13245,40NTRFNC2104110837160002
CA00000000339:FR 4574
:86:000+20Incasari card
+23CA00000000339:FR 4574
:61:2104100411D121,99NCOMNC2104110837160002
SV74289614500:TO 4574
:86:000+20Comision        +31RO89BRDE450SV74289614500
+32COLUMBUS OPERATIONAL SRL+33CUI/CNP9657315
+23SV74289614500:TO 4574
+61STR GARA HERASTRAU NR 4C BL+62 GREEN SC B ET 7 AP C 07000
:61:2104100411C5738,11NTRFNC2104110837160003
CA00000000191:FR 4577
:86:000+20Incasari card
+23CA00000000191:FR 4577
:61:2104100411D48,36NCOMNC2104110837160003
SV74289614500:TO 4577
:86:000+20Comision        +31RO89BRDE450SV74289614500
+32COLUMBUS OPERATIONAL SRL+33CUI/CNP9657315
+23SV74289614500:TO 4577
+61STR GARA HERASTRAU NR 4C BL+62 GREEN SC B ET 7 AP C 07000
:61:2104100411C25206,90NTRFNC2104110837170000
CA00000000475:FR 4578
:86:000+20Incasari card
+23CA00000000475:FR 4578
:61:2104100411D261,21NCOMNC2104110837170000
SV74289614500:TO 4578
:86:000+20Comision        +31RO89BRDE450SV74289614500
+32COLUMBUS OPERATIONAL SRL+33CUI/CNP9657315
+23SV74289614500:TO 4578
+61STR GARA HERASTRAU NR 4C BL+62 GREEN SC B ET 7 AP C 07000
:61:2104100411C24752,47NTRFNC2104110837170001
CA00000000374:FR 4579
:86:000+20Incasari card
+23CA00000000374:FR 4579
:61:2104100411D166,55NCOMNC2104110837170001
SV74289614500:TO 4579
:86:000+20Comision        +31RO89BRDE450SV74289614500
+32COLUMBUS OPERATIONAL SRL+33CUI/CNP9657315
+23SV74289614500:TO 4579
+61STR GARA HERASTRAU NR 4C BL+62 GREEN SC B ET 7 AP C 07000
:61:2104100411C12159,36NTRFNC2104110837170002
CA00000000352:FR 4580
:86:000+20Incasari card
+23CA00000000352:FR 4580
:61:2104100411D92,12NCOMNC2104110837170002
SV74289614500:TO 4580
:86:000+20Comision        +31RO89BRDE450SV74289614500
+32COLUMBUS OPERATIONAL SRL+33CUI/CNP9657315
+23SV74289614500:TO 4580
+61STR GARA HERASTRAU NR 4C BL+62 GREEN SC B ET 7 AP C 07000
:61:2104100411C11117,94NTRFNC2104110837170003
CA00000000310:FR 4581
:86:000+20Incasari card
+23CA00000000310:FR 4581
:61:2104100411D80,66NCOMNC2104110837170003
SV74289614500:TO 4581
:86:000+20Comision        +31RO89BRDE450SV74289614500
+32COLUMBUS OPERATIONAL SRL+33CUI/CNP9657315
+23SV74289614500:TO 4581
+61STR GARA HERASTRAU NR 4C BL+62 GREEN SC B ET 7 AP C 07000
:61:2104100411C27888,37NTRFNC2104110837170004
CA00000000520:FR 4582
:86:000+20Incasari card
+23CA00000000520:FR 4582
:61:2104100411D194,14NCOMNC2104110837170004
SV74289614500:TO 4582
:86:000+20Comision        +31RO89BRDE450SV74289614500
+32COLUMBUS OPERATIONAL SRL+33CUI/CNP9657315
+23SV74289614500:TO 4582
+61STR GARA HERASTRAU NR 4C BL+62 GREEN SC B ET 7 AP C 07000
:61:2104100411C11996,05NTRFNC2104110837180000
CA00000000248:FR 4584
:86:000+20Incasari card
+23CA00000000248:FR 4584
:61:2104100411D92,01NCOMNC2104110837180000
SV74289614500:TO 4584
:86:000+20Comision        +31RO89BRDE450SV74289614500
+32COLUMBUS OPERATIONAL SRL+33CUI/CNP9657315
+23SV74289614500:TO 4584
+61STR GARA HERASTRAU NR 4C BL+62 GREEN SC B ET 7 AP C 07000
:61:2104100411C17838,29NTRFNC2104110837180001
CA00000000332:FR 4585
:86:000+20Incasari card
+23CA00000000332:FR 4585
:61:2104100411D163,91NCOMNC2104110837180001
SV74289614500:TO 4585
:86:000+20Comision        +31RO89BRDE450SV74289614500
+32COLUMBUS OPERATIONAL SRL+33CUI/CNP9657315
+23SV74289614500:TO 4585
+61STR GARA HERASTRAU NR 4C BL+62 GREEN SC B ET 7 AP C 07000
:61:2104100411C12644,33NTRFNC2104110837180007
CA00000000205:FR 4586
:86:000+20Incasari card
+23CA00000000205:FR 4586
:61:2104100411D86,47NCOMNC2104110837180007
SV74289614500:TO 4586
:86:000+20Comision        +31RO89BRDE450SV74289614500
+32COLUMBUS OPERATIONAL SRL+33CUI/CNP9657315
+23SV74289614500:TO 4586
+61STR GARA HERASTRAU NR 4C BL+62 GREEN SC B ET 7 AP C 07000
:61:2104100411C10822,55NTRFNC2104110837180011
CA00000000256:FR 4587
:86:000+20Incasari card
+23CA00000000256:FR 4587
:61:2104100411D77,08NCOMNC2104110837180011
SV74289614500:TO 4587
:86:000+20Comision        +31RO89BRDE450SV74289614500
+32COLUMBUS OPERATIONAL SRL+33CUI/CNP9657315
+23SV74289614500:TO 4587
+61STR GARA HERASTRAU NR 4C BL+62 GREEN SC B ET 7 AP C 07000
:62F:C210411RON28006709,86
:64:C210411RON78651809,86
:86:Credit neutilizat la 11/04/2021: 50645100,00 \
Sume blocate la 11/04/2021: 0,00
